2576 3536
402 329 472 381 54
844 345 1127 381 CONCILIUM
1169 346 1501 385 Qunnsscnnsn

406 475 657 538 quantum
676 470 733 521 in
753 487 834 522 me
858 471 972 533 erit,
1009 478 1322 524 curaturum.
1393 472 1506 540 Ego
1526 471 1664 524 idem
1704 473 1771 525 N.
1801 490 1953 541 spon·

407 559 518 618 de0,
554 576 733 621 voven,
758 577 816 611 ac
842 560 980 629 juro„
1053 560 1137 612 Sic
1179 577 1260 611 me
1305 560 1446 611 Deus
1491 561 1714 629 adjuvet,
1760 562 1948 615 ethaeo

403 655 578 702 sancta
600 650 698 701 Dei
723 649 1016 717 Evangelia.
1428 643 1430 647 ’

553 754 937 806 I.-Decretum
954 753 1012 804 de
1032 753 1299 805 obedientia
1326 753 1522 806 Sammo
1543 755 1792 819 Pontifici.

477 842 553 895 Ut
575 846 710 894 inter
751 848 827 893 tot
850 848 902 893 et
944 848 1087 894 tanta
1129 859 1358 894 errorum
1384 843 1626 910 pericula,
1664 860 1768 894 non
1790 843 1948 896 simus

406 932 538 984 sicut
577 930 777 998 parvuli
801 931 1126 991 fluctuanteS,
1153 939 1203 982 et
1225 949 1330 983 non
1365 931 1783 983 circumferamur
1808 933 1955 984 omni·

381 1085 384 1090 Ι
405 1026 558 1073 vento
582 1019 841 1080 doctrinae,
867 1019 987 1071 totis
1006 1020 1303 1088 praecordiis
1324 1020 1683 1087 amplectimur
1710 1020 1947 1072 Sanctam

406 1107 688 1160 Ecclesiam
711 1106 1046 1169 Catholicam,
1074 1126 1193 1174 quae
1220 1116 1296 1160 est
1331 1108 1570 1159 columna
1588 1116 1641 1159 et
1662 1108 1951 1161 firmamen-

406 1202 518 1250 tum
542 1196 788 1258 veritatiS,
813 1203 865 1248 et
885 1203 1063 1249 contra
1088 1214 1243 1263 quam
1269 1203 1430 1265 portae
1454 1195 1607 1248 inferi
1631 1214 1735 1248 non
1763 1215 1952 1265 praeva·

408 1286 608 1342 lebunt.

477 1375 546 1426 Et
569 1374 808 1440 quoniam
830 1370 1066 1424 Christus
1085 1371 1195 1439 ipse
1215 1389 1371 1440 super
1383 1372 1596 1424 Petrum
1612 1373 1826 1442 ejusque
1844 1390 1953 1425 suc-

408 1478 629 1515 cessores
665 1478 809 1512 suam
845 1460 1119 1513 aedificavit
1157 1460 1455 1521 Ecclesiam,
1480 1461 1796 1528 profitemur,
1836 1478 1951 1512 cum

407 1557 583 1603 sancto
607 1549 925 1603 oecumenico
946 1548 1178 1601 Concilio
1198 1549 1513 1610 FlorentinO,
1530 1549 1771 1601 Sanctam
1789 1549 1954 1616 Apos-

408 1638 614 1692 tolicam
638 1638 822 1690 Sedem
846 1643 899 1689 et
922 1637 1216 1689 Romanum
1241 1638 1549 1689 Pontificem
1572 1639 1629 1688 in
1657 1637 1954 1689 universum

408 1727 585 1780 orbem
626 1732 802 1778 tenere
822 1725 1119 1794 primatum,
1144 1733 1196 1778 et
1229 1726 1399 1794 ipsum
1443 1726 1748 1778 Pontificem
1770 1726 1957 1779 Roma-

409 1832 536 1866 num
558 1831 900 1866 successorem
926 1831 1033 1865 esse
1053 1814 1203 1866 Beati
1223 1815 1383 1877 Petri,
1403 1814 1660 1883 Principis
1685 1815 1957 1882 Apostolo-

408 1920 541 1966 rum,
586 1910 636 1955 et
661 1920 845 1955 verum
887 1901 1082 1954 Christi
1129 1903 1396 1954 Vicarium
1421 1903 1684 1969 totiusque
1708 1903 1958 1955 Ecclesiae

409 1998 579 2060 caput,
605 1998 655 2043 et-
693 1991 926 2043 omnium
966 1990 1363 2044 christianorum
1399 1998 1598 2059 patiam
1625 1997 1677 2043 et
1696 1992 1954 2044 doctorem

410 2081 644 2139 existere,
671 2086 723 2131 et
764 2079 863 2146 ipsi
906 2078 962 2128 in
986 2079 1148 2130 Beato
1189 2079 1345 2131 Petro
1370 2080 1628 2147 pascendi,
1654 2079 1867 2147 regendi
1904 2086 1956 2131 et

410 2169 734 2238 gubernandi
770 2167 1113 2220 universalem
1138 2167 1418 2219 Ecclesiam
1443 2185 1473 2218 a
1518 2167 1740 2219 Domino
1765 2167 1959 2219 Nostro

410 2257 445 2309 J
448 2275 539 2309 esu
563 2257 767 2309 Christo
791 2259 996 2326 plenam
1021 2263 1329 2326 potestatem
1350 2256 1589 2308 traditam
1613 2273 1738 2317 esse,
1779 2274 1959 2322 quem-

412 2347 687 2398 admodum
733 2347 888 2399 etiam
933 2348 988 2398 in
1035 2346 1192 2415 gestis
1226 2344 1576 2396 Conciliorum
1623 2345 1960 2395 ‹vcumenico-

411 2452 529 2487 rum
571 2441 623 2487 et
669 2435 725 2486 in
772 2436 928 2487 sacris
984 2433 1282 2487 Canonibus
1345 2433 1648 2484 continetur,
1741 2434 1954 2499 Insupe1

411 2531 746 2593 agnoscentes
785 2542 904 2576 cum
929 2524 1114 2576 Sancto
1152 2523 1353 2573 Iraeneo
1389 2529 1418 2550 ‘⁶
1444 2521 1719 2571 Romanam
1747 2522 1959 2572 Ecclesi-

411 2630 492 2664 am
515 2630 621 2664 eam
655 2629 758 2665 esse
787 2613 856 2665 ad
899 2630 1043 2681 quam
1082 2618 1268 2679 oportet
1305 2626 1466 2661 omnes
1509 2609 1762 2660 Ecclesias
1798 2625 1961 2660 conve-

411 2703 518 2753 m're
548 2709 753 2770 propter
790 2704 1027 2770 potiorem
1077 2699 1183 2767 ejus
1235 2699 1655 2767 principalitatem
1692 2699 1718 2718 ’'
1765 2696 1959 2767 (contra

412 2790 579 2842 ItaereS.
607 2790 687 2843 lib.
729 2792 774 2843 3.
816 2808 923 2859 cap.
951 2789 1026 2861 3.)
1051 2790 1295 2842 et.fidem
1319 2787 1478 2849 Petri,
1503 2794 1532 2817 ‘⁶
1558 2788 1646 2855 qui
1667 2788 1720 2837 in
1741 2811 1744 2813 v
1754 2787 1961 2854 propria

412 2879 524 2931 sede
560 2881 682 2931 vivit
722 2887 771 2931 et
795 2880 1050 2948 praesidet,
1099 2888 1148 2931 et
1177 2884 1385 2949 praestat
1417 2875 1744 2944 quarentibus
1786 2876 1914 2925 veriti
1944 2906 1962 2915 --

413 2970 551 3031 tent,''
589 2967 669 3038 (S.
695 2969 841 3021 Petri
874 2969 1094 3037 Chrys-ol.
1124 2970 1289 3037 Epist.
1315 2966 1382 3018 ad
1416 2963 1654 3034 Eutych.)
1690 2980 1957 3030 nunquam

412 3057 673 3121 defecisse,
713 3058 888 3111 necin
929 3058 1089 3112 finem
1109 3057 1423 3111 defecturam
1462 3071 1602 3115 esse;
1640 3053 1695 3104 in
1721 3052 1962 3104 omnibus
