2552 3520
1482 331 1538 401 iij

741 479 901 512 omnes
922 469 1025 528 ejus
1044 469 1265 516 memoria
1275 470 1326 517 in
1346 470 1668 521 benedictione
1690 485 1973 535 permaneat,
1992 487 2196 525 attamen
2223 488 2280 526 ut

742 547 846 606 ejus
861 544 1019 594 cultus
1035 550 1188 610 magis
1201 551 1443 612 magisque
1451 562 1690 613 augeatur,
1707 553 1925 603 nonnulli
1947 555 2069 603 Emi.
2085 567 2132 605 et
2152 557 2278 605 Rmi.

745 623 930 673 Sanctae
943 626 1171 676 Romanae
1190 628 1415 678 Ecclesiae
1437 630 1728 690 Cardinales,
1740 648 1834 680 non
1847 634 2001 681 minus
2015 651 2156 696 quam
2172 636 2276 698 plu-

737 720 811 752 res
828 705 1109 769 amplissimi
1128 707 1391 767 Antistites,
1411 711 1528 757 acin
1548 710 1710 770 primis
1726 709 1886 758 Rmus.
1905 712 2279 773 archiepiscopus

737 782 850 829 Flor
861 786 1010 832 entin.
1044 801 1153 833 cum
1175 785 1308 833 Rmo.
1342 786 1395 833 P.
1429 785 1660 849 Magistro
1680 788 1886 850 generali
1911 788 2088 838 ordinis
2106 790 2280 837 Praedi-

739 870 954 909 catorum
967 866 1103 925 cujus
1119 865 1390 912 institutum
1404 866 1593 926 Juvenis
1613 865 1767 913 adhuc
1790 864 1990 913 Sanctus
2010 867 2280 915 Antoninus

740 939 989 1000 amplexus
1010 951 1095 999 est,
1111 940 1465 989 Sanctissimum
1479 942 1738 990 Dominum
1752 942 1976 992 Nostrum
1996 944 2277 1007 Gregorium

737 1015 867 1065 XVI
891 1018 1172 1066 Pontificem
1205 1020 1471 1068 Maximum
1490 1020 1770 1068 humillimis
1799 1023 2017 1083 precibus
2036 1025 2277 1072 instantis-

741 1096 857 1143 sime
878 1095 1206 1158 efflagitarunt,
1227 1108 1280 1145 ut
1298 1097 1469 1147 festum
1492 1099 1654 1146 Sancti
1674 1098 1923 1157 Antonini,
1944 1102 2148 1162 episcopi
2168 1115 2277 1148 cona

738 1171 939 1227 sessoris,
959 1175 1086 1237 quod
1100 1179 1203 1237 J‘am
1223 1175 1304 1223 diu
1325 1177 1385 1224 ab
1408 1176 1657 1224 universali
1679 1175 1895 1224 Ecclesia
1915 1192 2020 1224 cum
2051 1177 2199 1225 officio
2228 1187 2278 1227 et

741 1252 886 1299 misna
901 1253 989 1301 sub
1025 1255 1119 1301 ritu
1133 1254 1451 1316 semi-duplici
1483 1256 1761 1313 instituitur,
1775 1271 1856 1316 pro
1875 1254 1998 1302 clero
2016 1266 2114 1303 tum
2132 1271 2274 1303 saecu-

737 1329 843 1389 lari,
865 1340 966 1379 tum
987 1331 1207 1393 regulari,
1226 1348 1321 1380 non
1343 1332 1549 1380 exclusis
1563 1336 1901 1394 cujuscumque
1915 1333 2090 1381 ordinis
2106 1335 2274 1381 sancti·

738 1409 1026 1457 monialibus
1045 1410 1105 1457 ad
1117 1410 1255 1458 horas
1274 1411 1522 1458 canonicas
1539 1410 1866 1473 persolvendas
1880 1410 2128 1470 adstrictis,
2144 1411 2203 1458 ad
2214 1412 2275 1458 ri-

739 1496 842 1535 tum
863 1487 1068 1550 duplicis
1087 1490 1279 1536 minoris
1296 1488 1353 1536 de
1375 1489 1566 1551 speciali
1588 1490 1741 1550 gratia
1775 1488 1956 1536 elevare
1990 1488 2273 1551 dignaretur.

738 1564 913 1614 Enixis
949 1566 1222 1630 hujusmodi
1256 1567 1472 1629 precibus
1505 1584 1532 1614 a
1567 1566 1827 1614 Sanctitate
1864 1565 1962 1612 Sua
1978 1574 2270 1627 peramanter

736 1646 965 1705 exceptis,
986 1644 1212 1693 referente
1233 1661 1306 1692 me
1335 1644 1628 1706 infrascripto
1652 1644 1899 1692 Sacrorum
1920 1643 2117 1691 Rituum
2150 1643 2274 1692 Con·

738 1724 1025 1785 gregationis
1048 1724 1305 1782 secretario,
1322 1722 1501 1771 decimo
1521 1722 1745 1770 kalendas
1763 1721 2034 1784 septembris
2054 1723 2279 1784 superiori

737 1816 865 1848 anno
891 1806 1011 1849 1844
1030 1801 1238 1864 benigne
1258 1803 1426 1849 annuit
1439 1805 1581 1863 Juxta
1608 1803 1769 1863 petita,
1805 1810 2011 1848 attamen
2030 1817 2115 1863 pro
2133 1800 2278 1848 Italia

736 1888 922 1927 tantum
941 1889 991 1928 et
1010 1880 1181 1928 insulis
1197 1879 1531 1941 adjacentibus.

790 1975 968 2024 Verum
988 1993 1136 2039 quum
1156 1976 1280 2024 idem
1296 1975 1458 2022 Rmus.
1476 1975 1726 2022 Florentia·
1755 1974 2144 2036 archiepiscopus,
2162 1989 2268 2021 cum

735 2055 985 2103 nonnullis
1011 2054 1119 2103 aliis
1135 2056 1277 2102 etiam
1297 2064 1562 2102 exterarum
1573 2052 1786 2115 gentium
1799 2050 2088 2113 praesulibus,
2102 2061 2150 2099 et
2168 2050 2274 2099 reli-

734 2134 973 2197 giosorum
1014 2133 1238 2181 ordinum
1266 2130 1648 2190 moderatoribus,
1687 2133 1857 2179 iterum
1906 2129 2180 2192 supplicarit
2218 2137 2275 2177 ut

735 2213 1041 2259 enunciatum
1055 2210 1302 2258 Indultum
1317 2209 1472 2258 Italiae
1494 2220 1541 2258 et
1561 2209 1729 2257 insulis
1751 2207 2073 2271 adjacentibus
2088 2223 2273 2255 conces-

732 2305 840 2338 sum.
862 2290 922 2337 ad
945 2288 1259 2338 universalem
1278 2288 1559 2337 extendatur
1578 2287 1857 2346 Ecclesiam,
1891 2302 1946 2334 ac
1976 2286 2033 2333 de
2052 2284 2274 2333 mandato

735 2367 945 2431 ejusdem
968 2367 1247 2416 Sanctitatis
1269 2366 1394 2427 Suae,
1435 2365 1492 2414 de
1513 2366 1649 2413 novis
1687 2366 1819 2413 hisce
1859 2363 2079 2427 precibus
2113 2373 2270 2411 actum

735 2444 879 2495 fuerit
898 2448 949 2494 in
965 2445 1213 2494 ordinariis
1235 2444 1481 2494 Sacrorum
1501 2444 1700 2492 Rituum
1720 2442 2111 2505 Congregationis
2132 2441 2272 2488 comi-

735 2526 816 2574 tiis
854 2525 914 2574 ad
937 2524 1212 2580 Quirinales
1231 2525 1352 2573 aedes
1371 2523 1549 2573 habitis
1562 2532 1725 2571 octavo
1745 2521 1852 2569 idus
1863 2522 2083 2569 vertentis
2098 2521 2272 2568 mensis

734 2614 784 2653 et
798 2605 927 2663 anni,
949 2603 1076 2651 Emi·
1092 2612 1141 2651 et
1172 2602 1298 2650 Rmi.
1327 2602 1490 2651 Patres
1510 2602 1650 2651 sacris
1683 2600 1870 2650 tuendis
1897 2598 2063 2647 ritibus
2092 2612 2270 2660 praepo-

734 2683 832 2742 siti,
863 2681 1218 2731 rescribendum
1254 2691 1563 2729 censuerunt:
1611 2697 1697 2741 pro
1725 2682 1883 2740 qratia
1916 2680 1983 2725 ad
2019 2679 2271 2725 Dominum

734 2764 1050 2811 Secretarium
1070 2777 1174 2809 cum
1207 2762 1520 2811 Sanctissimo.

795 2874 948 2937 Super
967 2872 1143 2937 quibus
1164 2873 1388 2921 omnibus
1406 2872 1530 2921 facta
1549 2873 1719 2920 iterum
1742 2870 2045 2919 Sanctissimo
2066 2868 2274 2918 Domino

731 2968 817 3017 per
830 2970 906 3002 me
926 2952 1226 3001 secretarium
1246 2950 1373 3000 fideli
1403 2952 1597 3009 ratione,
1627 2951 1730 3012 ipsa
1767 2948 2005 2997 Sanctitas
2037 2947 2138 2995 Sua
2156 2947 2270 2996 Res-

731 3036 933 3098 criptum
954 3032 1111 3080 Sacrae
1131 3030 1523 3092 congregationis
1541 3029 1817 3077 auctoritate
1832 3025 2093 3090 apostolica
2107 3025 2271 3075 confir-
