2608 3632
483 423 551 476 48
998 426 1284 475 cononum
1322 438 1657 479 Quanam-:usn

480 562 664 616 Marias
689 562 938 633 Virginis,
983 563 1158 617 Sancti
1191 564 1336 616 Petri
1359 563 1727 632 Apostolorum
1763 561 2030 633 principis,

479 653 786 706 Sanctorum
807 670 1025 720 quorum
1054 652 1338 721 patrocinio
1381 658 1570 704 nostrae
1586 652 1830 705 Ecclesiae
1856 651 2025 705 cathe-

485 741 658 795 drales
684 748 736 794 et
758 742 999 794 dioeceses
1022 741 1342 802 muniuntur,
1369 746 1524 807 atque
1564 740 1796 793 omnium
1825 740 2032 794 Sancto-

484 848 622 893 rum,
649 830 919 883 statuimus
939 847 998 882 ac
1019 828 1355 889 decernimus,
1380 828 1445 880 de
1465 827 1677 880 consilio
1698 844 1757 879 ac
1781 844 2032 882 consensu

482 919 750 971 Rmorum.
778 918 1146 986 Episcoporum
1190 922 1481 970 nostrorum
1508 915 2031 984 comprovincialium,

478 1006 582 1060 hac
620 1007 730 1074 ipsa
753 1005 838 1057 die
883 1005 1081 1058 decima
1118 1005 1301 1073 quinta
1340 1004 1570 1074 Augusti
1603 1004 1837 1056 inchoari
1874 1009 2031 1072 atque

483 1095 610 1148 adeo
630 1093 926 1146 inchoatum
948 1110 1058 1145 esse
1079 1092 1370 1146 Concilium
1391 1092 1732 1155 Provinciale,
1758 1092 1897 1160 quod
1917 1109 2029 1146 nos-

482 1188 562 1236 tra
580 1182 973 1250 metropolitana
1011 1181 1315 1235 auctoritate
1338 1181 1620 1234 indiximus
1656 1186 1710 1233 et
1735 1180 2028 1234 convocavi-

482 1287 630 1331 mus;
664 1270 699 1322 J
701 1287 844 1322 esum
868 1269 1131 1323 Christum
1166 1270 1449 1322 Dominum
1485 1275 1538 1322 et
1573 1269 1891 1322 Salvatorem
1915 1285 2027 1322 nos-

482 1364 623 1412 trum
641 1357 905 1411 humiliter
926 1359 1260 1427 deprecantes
1281 1363 1343 1411 ut
1385 1358 1525 1425 quod
1567 1356 1726 1426 coepit
1765 1357 1878 1426 ipse
1921 1374 2033 1426 per-

482 1447 628 1500 ficiat
648 1464 705 1499 ac
729 1463 1068 1514 quaecumque
1111 1447 1178 1499 ad
1217 1452 1445 1499 nostram
1488 1445 1718 1513 clerique
1761 1451 1815 1498 et
1850 1445 2031 1514 populi

483 1534 870 1588 aedificationem
925 1535 1233 1588 stabilienda
1265 1535 1673 1605 recognovimus,
1697 1536 1763 1587 ab
1788 1534 2033 1589 omnibus

483 1629 536 1676 et
555 1623 786 1692 singulis,
808 1625 918 1677 Deo
939 1625 1232 1695 adjuvante,
1256 1626 1606 1678 observentur.

679 1732 727 1781 2.
753 1729 1019 1783 Decretum
1041 1730 1100 1782 de
1122 1730 1261 1782 modo
1284 1731 1479 1783 vivendi
1495 1732 1550 1782 in
1578 1730 1818 1786 Concilio·

551 1831 685 1886 Haec
724 1834 958 1904 Synodus
996 1836 1341 1905 provincialis,
1377 1854 1408 1889 a
1448 1836 1509 1889 B.
1558 1834 1808 1905 Apostolo
1848 1835 2028 1888 edocta

483 1921 623 1988 quod
663 1938 799 1975 omne
821 1923 991 1978 datum
1033 1926 1265 1995 optimum
1301 1932 1349 1976 et
1370 1941 1507 1977 omne
1540 1923 1721 1977 donum
1760 1919 2030 1993 perfectum

479 2008 736 2062 desursum
758 2018 844 2075 est,
878 2012 1170 2066 descendens
1188 2030 1221 2064 a
1241 2014 1398 2066 Patre
1437 2014 1690 2075 luminum,
1716 2016 1807 2080 qui
1831 2012 1906 2064 eis
1941 2011 2032 2079 qui

478 2096 743 2164 postulant
766 2116 797 2151 a
820 2116 874 2152 se
897 2100 1201 2169 sapientiam
1225 2102 1312 2155 dat
1347 2101 1585 2155 omnibus
1609 2101 1895 2163 affluenter,
1932 2105 2032 2153 sta-

479 2184 583 2238 tuit
603 2202 780 2238 omnes
802 2187 1171 2242 Christifideles
1194 2189 1410 2260 hujusce
1434 2189 1654 2243 civitatis
1678 2188 2034 2248 Quebecensis

481 2289 702 2339 quorum
719 2274 852 2329 sicut
873 2283 925 2330 et
944 2277 1102 2331 totius
1125 2278 1405 2346 provinciae
1426 2278 1591 2348 gratia
1613 2277 1922 2339 celebratur,
1945 2294 2035 2330 ex-

477 2359 758 2415 hortandos
774 2367 896 2428 esse,
909 2372 1062 2434 prout
1078 2367 1331 2429 hortatur,
1348 2374 1407 2428 ut
1418 2384 1472 2420 se
1488 2385 1520 2419 a
1537 2366 1762 2435 peccatis
1779 2366 2033 2418 hactenus

478 2449 763 2504 commissis
783 2455 1068 2518 emendare,
1109 2473 1168 2508 ac
1193 2456 1256 2508 de
1275 2462 1468 2509 coetero
1499 2455 1556 2507 in
1593 2455 1781 2508 timore
1818 2453 2033 2507 Domini

473 2537 762 2603 ambulare,
784 2541 882 2609 piis
908 2544 1150 2611 operibus
1173 2544 1379 2607 instare,
1402 2544 1467 2596 ad
1494 2543 1825 2597 Sacramenta
1856 2543 2033 2596 Poeni-

474 2626 656 2678 tentiae
674 2634 728 2680 et
753 2629 1091 2686 Eucharistiae
1112 2632 1433 2700 frequentius
1450 2633 1708 2695 accedere,
1732 2638 1783 2685 et
1799 2632 2030 2700 quotidie

472 2731 572 2783 pro
596 2715 863 2787 Episcopis
884 2727 937 2773 et
971 2722 1318 2775 sacerdotibus
1340 2722 1425 2774 hic
1445 2721 1678 2792 legitime
1704 2722 2030 2791 congregatis

473 2802 730 2856 instanter
753 2823 900 2861 orare
922 2809 1085 2863 velint
1103 2830 1118 2872 ;
1160 2811 1364 2863 eosdem
1402 2827 1525 2864 vero
1570 2809 1854 2880 Episcopos
1878 2815 1930 2863 et
1956 2827 2032 2863 sa-

471 2891 710 2945 cerdotes
734 2902 795 2948 ut
818 2897 1020 2950 assidue
1043 2898 1348 2952 incumbant
1368 2899 1427 2951 in
1447 2899 1691 2952 laudibus
1715 2899 1834 2962 Dei,
1877 2904 2034 2967 atque

475 2978 695 3048 singulis
715 2981 913 3048 diebuS,
933 2986 989 3038 in
1011 2994 1265 3055 quantum
1282 2988 1397 3041 fieri
1413 2988 1621 3057 poterit,
1643 2987 2035 3042 Sanctissimum

476 3065 656 3121 Missae
682 3069 999 3128 Sacrificium
1038 3083 1307 3147 peragant,
1332 3083 1423 3131 aut
1466 3077 1647 3132 saltem
1671 3076 2036 3147 mysteriorum
