2600 3520
1217 451 1785 556 ΑΡΡΕ-ΕΟΙΧ.

1016 590 1261 622 ΒΣΕΒΕΤῸΜ
1290 592 1348 622 DE
1380 590 1520 623 Fnfl'ro
1550 592 1765 624 DOLORUM
1797 594 1838 624 B.
1866 593 1918 628 Μ.
1946 596 1992 625 V.

1294 655 1441 709 Urbis
1476 663 1525 707 et
1565 656 1727 709 Orbis,

794 737 917 787 Cum
938 741 988 787 in
1012 741 1217 802 publicis
1239 741 1464 792 Ecclesia
1482 743 1836 793 calamitatibus
1859 755 1999 793 aucta
2023 745 2279 807 plurimum

734 815 873 866 fuerit
908 818 1094 867 devotio
1115 836 1225 883 erga
1248 821 1719 870 BEATISSIMAM
1751 822 2102 871 VIRGINEM
2131 827 2275 886 Juxta

735 894 965 944 Simeonis
983 898 1276 960 prophetiam
1290 901 1339 946 in
1354 902 1511 948 anima
1529 900 1686 961 gladio
1700 901 1983 960 transfixam,
1998 905 2073 963 cuj
2079 918 2132 949 us
2148 917 2273 949 com-

731 977 1003 1023 memoratio
1024 976 1077 1024 fit
1093 976 1342 1025 dumtaxat
1365 978 1498 1026 Feria
1533 977 1621 1026 VI.
1644 987 1749 1040 post
1771 978 2071 1027 Dominicam
2092 980 2273 1027 Passio-

733 1053 824 1110 nis,
845 1052 958 1099 dum
982 1052 1197 1101 Ecclesia
1214 1054 1273 1101 ob
1291 1055 1515 1103 sublimia
1534 1055 1886 1117 Redemptionis
1906 1058 2139 1116 mysteria,
2158 1071 2265 1120 quae

734 1146 790 1177 eo
812 1139 1019 1192 tempore
1037 1131 1343 1191 celebrantur,
1365 1135 1415 1180 in
1433 1134 1624 1181 tristitia
1643 1145 1865 1191 versatur,
1885 1144 1933 1182 et
1946 1134 2080 1182 luctu
2100 1153 2114 1195 ς
2145 1152 2273 1183 cum-

732 1222 825 1269 que
840 1218 1084 1270 propterea
1098 1210 1376 1271 Apostolica
1400 1211 1540 1259 Sedes
1556 1212 1837 1274 Jampridem
1868 1212 2128 1270 indulserit,
2146 1224 2200 1263 ut
2220 1215 2272 1260 in

735 1283 913 1333 Ordine
936 1285 1184 1335 Servorum
1206 1287 1263 1335 B.
1298 1288 1367 1335 M.
1401 1289 1460 1336 V.
1494 1291 1659 1337 iterato
1673 1289 1798 1337 idem
1819 1288 1990 1338 festum
2007 1290 2273 1338 solemniter

733 1375 1031 1426 perageretur
1050 1367 1100 1412 in
1118 1365 1372 1414 Dominica
1392 1367 1488 1414 III.
1514 1366 1815 1429 Septembris,
1837 1367 1963 1429 quod
1977 1368 2273 1429 postmodum

733 1442 950 1491 extendit
966 1443 1026 1491 ad
1051 1444 1279 1505 plurimas
1300 1444 1586 1503 Provincias,
1608 1455 1655 1493 et
1686 1445 1954 1493 Dioeceses:
1989 1446 2100 1493 hinc
2126 1445 2269 1494 Sanc-

732 1521 942 1569 tissimus
964 1521 1202 1570 Dominus
1231 1522 1403 1570 Noster
1422 1522 1537 1570 Pius
1564 1523 1681 1570 VII.
1705 1523 1839 1571 Pont.
1867 1522 2000 1571 Max.
2022 1525 2101 1585 pia
2134 1524 2267 1572 devo-

732 1600 860 1646 tione
881 1609 1037 1647 motus
1052 1616 1166 1662 erga
1186 1600 1243 1648 B.
1275 1600 1335 1648 V.
1372 1601 1439 1648 M.
1463 1600 1618 1648 dolore
1638 1600 1927 1659 transfixam,
1944 1601 2273 1651 accedentibus

732 1679 876 1726 etiam
892 1678 1110 1739 precibus
1135 1678 1299 1726 Sermi.
1323 1678 1483 1726 Caroli
1512 1678 1836 1726 Emmanuelis
1860 1678 2087 1726 Sardiniae
2110 1678 2273 1741 Regis,

730 1771 785 1802 ac
816 1765 922 1803 voto
944 1755 1068 1803 Emi.
1093 1766 1140 1805 et
1160 1757 1283 1805 Rmi.
1328 1756 1526 1804 Domini
1569 1756 1835 1803 Cardinalis
1869 1756 1990 1803 Julii
2028 1756 2191 1804 Mariae
2214 1757 2273 1805 de

733 1831 941 1881 Somalia
968 1836 1041 1882 uti
1073 1834 1196 1882 Sacr.
1236 1835 1329 1883 Rit.
1356 1834 1722 1897 Congregationi
1758 1833 1987 1891 Praefecti,
2019 1849 2114 1881 suae
2144 1836 2270 1883 vocis

735 1911 924 1959 oraculo
945 1914 996 1959 in
1013 1913 1272 1960 Audientia
1292 1914 1412 1960 mihi
1433 1912 1726 1974 infrascripto
1748 1911 2127 1960 Sub-Promotori
2142 1913 2276 1960 Fidei

737 1989 825 2036 sub
840 1990 928 2038 hac
952 1991 1028 2038 die
1048 1992 1251 2053 benign&
1314 1992 1536 2053 impertita,
1561 1991 1795 2052 praecepit,
1815 1999 1868 2038 ut
1902 1993 1952 2037 in
1967 2000 2202 2053 posterum
2222 1993 2273 2039 in

729 2070 951 2116 universa
982 2068 1196 2116 Ecclesia
1310 2086 1410 2129 *que
1442 2078 1666 2116 terrarum
1707 2070 1974 2130 quotannis,
2014 2079 2274 2118 recurrente

729 2146 985 2195 Dommica
1009 2149 1104 2195 III.
1133 2150 1442 2210 Septembris,
1480 2149 1739 2197 celebretur
1758 2148 1928 2195 festum
1957 2148 2185 2196 Dolorum
2213 2149 2274 2197 B.

729 2223 799 2272 M.
815 2225 873 2272 V.
891 2227 1189 2275 extendendo
1206 2227 1265 2274 ad
1286 2243 1445 2275 omnes
1466 2236 1563 2274 tam
1585 2226 1831 2284 seculares,
1853 2243 1996 2287 quam
2015 2227 2273 2288 regulares,

733 2304 819 2364 qui
846 2303 906 2350 ad
940 2305 1080 2352 horas
1114 2306 1365 2353 canonicas
1397 2315 1627 2363 tenentur,
1652 2304 1873 2353 Officium
1894 2314 1942 2352 et
1962 2304 2160 2353 Missam
2175 2310 2275 2368 Jam

731 2397 958 2429 concessa
978 2382 1147 2429 Ordini
1192 2384 1370 2430 Servor.
1411 2383 1619 2445 ejusdem
1649 2383 1706 2430 Β.
1732 2383 1800 2430 Μ.
1833 2383 1894 2431 V.
1927 2382 2015 2430 sub
2051 2385 2143 2432 ritu
2163 2384 2271 2445 dup.

728 2461 837 2521 maj.
859 2453 953 2505 Sed
962 2461 1185 2520 quoniam
1199 2461 1250 2506 in
1267 2478 1321 2507 esa.
1337 2460 1590 2509 Dominica
1605 2460 1702 2508 III.
1718 2461 2004 2524 Septembris
2020 2461 2271 2523 aliquando

729 2538 932 2585 occurrit
970 2537 1153 2586 Octava
1184 2538 1458 2587 Nativitatis
1488 2540 1544 2586 B.
1571 2539 1638 2586 M.
1662 2539 1723 2587 V.
1759 2549 1840 2588 aut
1872 2540 2042 2588 festum
2076 2539 2122 2587 S.
2145 2539 2272 2588 Mat·-

735 2615 849 2663 thaei
870 2615 1088 2677 Apostoli
1111 2635 1123 2673 ;
1156 2617 1376 2665 alterutro
1411 2617 1671 2665 idveniente
1694 2634 1819 2678 casu,
1836 2618 2088 2675 mandavit,
2109 2626 2163 2665 ut
2180 2617 2271 2666 fes-

727 2701 831 2740 tum
844 2692 1077 2741 Dolorum
1095 2693 1399 2743 transferatur
1419 2698 1468 2742 in
1489 2697 1687 2756 primam
1708 2713 1769 2744 ex
1783 2696 2087 2758 sequentibus
2106 2695 2271 2743 Domi-

725 2772 862 2830 nicis,
874 2787 983 2833 quae
1004 2790 1092 2819 aar*
1120 2774 1181 2822 sit
1199 2773 1423 2833 impedita
1446 2773 1611 2822 Officio
1629 2776 1747 2822 ritus
1765 2775 1890 2835 dupl.
1908 2776 2086 2835 primae,
2112 2774 2186 2822 vel
2200 2790 2270 2823 se-

725 2849 895 2897 cundae
918 2850 1121 2902 clames„
1153 2851 1286 2898 firma
1306 2852 1614 2900 nihilominus
1645 2863 1911 2901 remanente
1940 2853 2148 2915 ejusdem
2165 2853 2272 2901 festi

725 2933 1180 2988 commemoratione,
1212 2945 1316 2991 quse
1351 2930 1404 2979 fit
1443 2932 1493 2977 in
1529 2931 1664 2978 Feria
1704 2930 1793 2979 VI.
1829 2940 1936 2991 post
1967 2930 2270 2980 Dominicam

724 3004 983 3055 Passionis·
1046 3007 1141 3056 Die
1167 3013 1222 3056 13
1244 3008 1531 3069 Septembris
1556 3013 1683 3056 1814.
