2576 3520
93 1507 97 1515 ⁴
100 1082 105 1085 ι
92 615 106 628 5

145 1572 161 1680 :ca-‘w-
157 1613 159 1615 ,
146 971 175 1579 ,Μπφρςεὲὒὰῆρῇπινηψμ-ςκοωππω,Ἆγι-ἥκω
161 890 170 953 ’,ν-η,
164 845 170 871 -.
166 803 171 831 ,μ
167 761 171 788 „⁷
167 709 172 749 ..,.,
168 653 172 691 ,μ

10 2347 19 2356 ο

149 2489 156 2506 π.
138 1769 163 2482 affice-*vwvfflwffwfflmwfflwae
145 1752 162 1762 ἱ
144 1684 160 1751 :vim-172

151 2890 157 2901 ν·
153 2858 155 2860 -
150 2716 162 2839 *nsaw*
160 2666 162 2669 .

176 2674 187 2691 x

1217 322 1311 376 viii

493 475 565 518 ac,
584 468 699 508 teste
720 460 1031 524 Hie.·onymo‚
1054 462 1363 512 confessionis
1381 478 1479 511 sum
1499 464 1666 511 merito
1682 480 1738 512 ec
1754 466 1866 514 vitae
1884 465 2047 515 indus-

496 538 588 586 tria
627 548 676 587 et
714 539 1000 603 eloquentia
1040 541 1252 590 claritate
1293 540 1472 603 ubique
1512 541 1803 603 praedicator,
1843 547 2040 607 ejusque

493 615 643 665 libros
670 617 1081 681 eloquentissimos
1101 619 1329 666 inoffenso
1349 618 1468 681 pede
1489 618 1676 667 decurri
1712 636 1765 669 ac
1786 620 1885 684 legi
1907 638 2045 685 posse

493 695 598 744 sine
616 695 718 744 ulla.
737 699 902 745 erroris
922 697 1215 759 suspicione:
1251 697 1335 758 qui
1354 697 1530 759 pariter
1549 714 1577 745 a
1598 697 1857 746 clarissimo
1877 698 2046 749 Eccle-

498 774 581 821 βίω
599 773 780 822 lumine
809 774 855 822 S.
877 774 1152 837 Augustino
1170 775 1220 821 in
1240 773 1366 822 libro
1387 784 1551 829 contra
1570 774 1602 823 J
1604 774 1819 823 ulianum
1847 778 2051 826 summis

492 850 716 900 laudibus
731 851 977 900 extollitur
997 870 1009 899 :
1043 853 1179 914 cuj'us
1198 850 1403 911 demum,
1424 852 1541 901 fides
1562 869 1617 901 ac
1639 852 1853 903 doctrina
1872 871 1902 902 a
1921 864 2045 905 cete·

496 930 562 977 ris
600 928 823 979 Patribus
858 930 1022 979 latinis
1051 940 1100 979 et
1130 932 1298 994 graecis
1334 947 1509 994 magno
1544 932 1593 978 in
1621 931 1797 979 honore
1826 931 2044 984 habetur.

495 1006 687 1056 SSmus.
710 1007 949 1057 Dominus
971 1007 1144 1058 Noster
1163 1010 1280 1058 Pius
1314 1009 1447 1071 Papa
1466 1008 1547 1057 IX
1568 1010 1727 1057 enixis
1745 1010 1875 1058 hisce
1895 1012 2047 1073 preci-

490 1084 582 1133 bus
602 1087 811 1145 attentiS,
832 1101 886 1134 ac
910 1086 1071 1135 volens
1085 1086 1173 1135 hoc
1196 1088 1418 1136 solatium
1443 1087 1758 1149 Episcopatui
1772 1088 1977 1146 reddere,
1988 1105 2046 1137 ac

485 1164 730 1226 ¹peculiare
770 1163 913 1213 decus
954 1163 1085 1213 fideli
1125 1165 1390 1214 Galliarum
1443 1165 1671 1214 Ecclesiae
1713 1165 1916 1214 tribuere
1950 1167 2041 1214 hoc

492 1243 793 1304 potissimum
813 1257 927 1302 aevo,
964 1259 1059 1305 quo
1080 1254 1213 1293 vetus
1231 1245 1516 1291 Arianorum
1537 1259 1662 1291 error
1681 1245 1931 1303 reviviscit,
1962 1261 2046 1293 ne·

489 1322 675 1383 gotium
705 1322 764 1370 de
778 1337 902 1370 more
920 1320 1169 1371 Sacrorum
1184 1321 1386 1371 Rituum
1396 1321 1764 1384 Congregutioni
1774 1322 2048 1371 librandum

495 1402 746 1450 commisit.
825 1400 948 1455 Qua
988 1402 1039 1448 in
1080 1402 1339 1449 ordinariis>
1367 1388 1574 1449 ‘comitiis
1615 1400 1743 1463 apud
1783 1401 2045 1450 Vaticanus

491 1478 616 1527 aedes
649 1479 917 1543 subscripta
957 1480 1034 1528 die
1070 1480 1351 1538 coadunata,
1390 1479 1617 1527 referente
1658 1478 1794 1528 Emo.
1836 1478 2049 1527 Domino

494 1557 739 1606 Cardinali
759 1557 1009 1606 Ludovico
1039 1558 1206 1617 Alteri,
1239 1559 1354 1606 visis
1382 1559 1581 1621 objectis
1601 1573 1687 1620 per
1705 1557 1761 1606 R.
1784 1557 1838 1606 P.
1861 1557 1923 1606 D.
1946 1559 2048 1606 An-

489 1636 655 1685 dream
665 1637 871 1685 Mariam
894 1638 934 1685 F
934 1639 1096 1687 rattini
1121 1637 1311 1686 Sanctae
1341 1637 1476 1685 Fidei
1492 1635 1809 1712 Promotorexrr
1821 1638 2050 1699 oppositis

488 1716 541 1762 in
577 1716 1064 1765 animadversionibus
1092 1718 1143 1764 in
1170 1717 1380 1764 medium
1408 1715 1618 1778 prolatis,
1639 1718 1791 1778 iisque
1824 1716 2047 1766 omnibus
2122 1766 2124 1769 .

491 1811 577 1857 per
595 1794 881 1844 Defensores
901 1796 1087 1854 solutis,
1106 1812 1154 1844 re
1177 1797 1417 1844 maturius
1438 1809 1671 1857 perpensa
1698 1804 1747 1843 et
1763 1794 2052 1855 examinata,

491 1887 548 1919 ea
566 1871 659 1921 fuit
677 1874 918 1921 unanimis
935 1873 1175 1921 Emorum.
1198 1889 1251 1921 ac
1268 1872 1508 1920 Rmorum.
1526 1871 1722 1919 Patrum
1736 1864 1982 1931 sententia,
1993 1883 2053 1925 ut

490 1950 673 2000 scilicet
711 1953 1064 2000 rescriberetur:
1112 1953 1142 1977 “
1173 1967 1257 2013 pro
1296 1951 1452 2013 gratia
1491 1939 1862 1997 confirmationis
1896 1947 2051 1999 Tituli

489 2027 729 2089 Doctoris,
749 2039 797 2078 et
818 2031 1110 2079 extensionis
1130 2030 1338 2092 ejusdem
1361 2027 1511 2077 Tituli
1534 2043 1642 2075 cum
1663 2025 1814 2075 officio
1835 2036 1883 2074 et
1903 2028 2050 2075 missa

487 2109 586 2155 ritu
617 2108 798 2170 duplici
812 2109 873 2157 ad
893 2110 1160 2156 universam
1173 2094 1440 2155 'Ecclesiam
1462 2107 1512 2152 in
1533 2105 1757 2152 honorem
1780 2104 1827 2152 S.
1852 2103 2046 2163 Hilarii,

490 2185 722 2251 Episcopi
757 2186 1074 2245 Pictavorum‚
1095 2188 1134 2234 si
1159 2184 1323 2234 SSmo.
1342 2184 1587 2247 placuerit·
1607 2184 1633 2206 ''
1665 2181 1758 2231 Die
1798 2187 1858 2231 29
1887 2197 2050 2231 mense

489 2266 659 2313 martio
678 2281 804 2313 anno
827 2269 959 2313 1851.

553 2342 743 2391 Horum
762 2346 974 2392 omnium
994 2354 1041 2392 et
1075 2343 1371 2407 singulorum
1392 2339 1519 2389 facta
1549 2338 1848 2402 postmodum
1888 2339 2043 2387 eidem

492 2420 661 2471 SSmo.
692 2422 906 2471 Domino
935 2422 1110 2470 Nostro
1125 2424 1212 2470 Pio
1243 2421 1386 2483 Papae
1402 2419 1483 2468 IX
1517 2435 1601 2482 per
1619 2434 1696 2466 me
1728 2417 2047 2480 subscriptum

490 2499 807 2549 Secretarium
827 2500 958 2549 fideli
983 2501 1225 2558 relatione,
1252 2499 1493 2548 Sanctitas
1526 2495 1623 2544 Sua
1646 2496 1798 2544 Sacrae
1831 2494 2041 2558 Congre-

487 2580 694 2642 gationis
714 2581 995 2643 rescriptum
1016 2580 1066 2626 in
1090 2578 1314 2626 omnibus
1356 2574 1637 2638 adprobavit
1656 2584 1704 2623 et
1742 2573 2050 2626 confirmavit,

489 2674 545 2707 ac
572 2658 775 2723 desuper
798 2658 1096 2722 Apostolicas
1133 2657 1347 2704 Litteras,
1364 2656 1415 2702 in
1451 2653 1601 2701 forma
1628 2651 1795 2701 Brevis
1836 2651 2051 2716 expediri

485 2738 643 2800 jussit.
703 2736 842 2786 Diu
856 2750 1021 2786 mense
1032 2735 1169 2798 aprili
1189 2750 1315 2783 anno
1335 2732 1516 2782 eodem.

975 2814 1036 2862 A:
1064 2811 1203 2863 Card.
1237 2813 1645 2870 Lsmnnuscmm,
1678 2808 1726 2858 S.
1759 2808 1819 2858 R.
1852 2807 1926 2869 C.,

1713 2891 1982 2951 Profectus.

1267 2970 1312 3020 1.
1343 2968 1407 3021 G.
1438 2969 1638 3030 Fumi,
1670 2968 1718 3017 S.
1756 2967 1814 3016 R.
1849 2966 1923 3029 C.,

611 3051 744 3101 Loco
775 3058 805 3109 †
837 3050 1015 3116 sigini.
1683 3049 1990 3098 Secretariua
