2584 3568
423 355 497 413 20
873 371 1160 411 commun
1196 371 1530 414 nonnosum

492 498 753 553 Decreta:
798 502 840 553 1.
864 498 949 553 De
970 497 1239 569 aperienda
1268 497 1512 567 *synodm-
1564 500 1615 554 2.
1640 496 1972 553 Demodovi-

420 585 570 641 vendi
590 587 645 639 in
672 585 894 640 Concilio
917 605 942 647 ,·
990 588 1037 640 3.
1066 587 1152 640 Dc
1159 584 1468 657 professione
1471 584 1608 657 fidei
1628 605 1654 647 ,·
1709 587 1775 641 ab
1798 585 1971 641 mmo.

418 687 484 732 ao
500 673 715 728 Remo.
754 675 872 728 DD.
898 674 1298 744 Arohiepiscopo
1319 679 1622 744 praeparata,
1646 679 1804 744 atque
1826 692 1859 730 a
1879 674 1975 729 Pa-

419 761 591 818 tribus
621 762 676 815 in
707 762 1103 833 congregatione
1139 760 1341 831 privata
1362 761 1626 832 recognita
1662 768 1716 816 et
1748 769 1971 835 recepta,

418 848 594 922 palam
615 849 840 919 perlecta
854 854 990 903 sunt.

493 938 711 1008 Legitur
753 938 909 991 etiam
933 937 1073 1006 quod
1097 942 1348 992 statutum
1374 944 1451 993 est
1472 956 1506 992 a
1540 937 1783 992 Patribus
1803 941 1974 1008 quoad

421 1025 753 1080 residentiam
798 1025 1031 1079 omnium
1052 1026 1143 1095 qui
1165 1026 1410 1080 interesse
1446 1026 1678 1081 Concilio
1713 1033 1972 1093 tenentur,

421 1131 624 1169 necnon
647 1113 1063 1169 distributionem
1096 1115 1342 1169 horarum
1363 1132 1457 1185 pro
1480 1121 1711 1185 tempore
1739 1115 1971 1172 Concilii.

490 1202 712 1272 Regulae
742 1204 854 1274 jam
890 1202 1017 1256 alias
1039 1220 1071 1256 a
1092 1203 1375 1257 Patribus
1359 1220 1415 1257 ιιι
1451 1205 1850 1274 congregatione
1873 1206 1977 1275 pri-

419 1296 556 1355 vata,
594 1291 766 1359 quoad
790 1291 1064 1344 ordinem
1048 1308 1104 1343 in
1129 1291 1612 1363 congregationibus
1647 1293 1978 1401 generalibus

418 1380 743 1442 servandum,
767 1379 989 1442 sancitae,
1012 1379 1237 1433 recitatae
1261 1386 1394 1433 sunt.

489 1468 626 1521 Tum
645 1467 905 1537 proposita
927 1472 1010 1521 est
1028 1467 1295 1536 promissio
1318 1483 1538 1536 sequens
1561 1467 1697 1522 circa
1718 1475 1973 1523 secretum

416 1555 484 1610 ab
505 1543 745 1608 omnibus
763 1555 1046 1608 tenendum
1066 1571 1079 1608 ε

478 1644 509 1669 “
530 1644 761 1690 Promitto
780 1659 854 1690 me
880 1644 1006 1691 nihil
1038 1659 1101 1691 ea.-
1139 1645 1202 1691 iis
1219 1660 1318 1706 quoe
1342 1644 1569 1703 dicentur,
1603 1646 1697 1692 sive
1718 1647 1771 1692 in
1789 1660 1975 1707 conqre·v

413 1723 603 1782 vatione
638 1723 867 1781 queruli,
907 1723 1003 1769 sive
1036 1724 1089 1769 in
1130 1722 1556 1783 conqreyationibus
1587 1724 1975 1783 particularibus,

416 1814 511 1847 esee
540 1801 854 1848 revelaturum
875 1800 998 1862 quod
1024 1801 1171 1859 possit
1209 1800 1452 1865 detrahere
1471 1800 1543 1847 vel
1561 1803 1822 1849 reverentie
1857 1801 1976 1849 oon-

414 1879 526 1926 cilio
544 1877 716 1936 debite,
734 1879 807 1925 vel
825 1879 990 1926 honori
1007 1878 1208 1939 cujusvis
1218 1890 1436 1937 persone.

474 1955 508 1981 “
525 1956 756 2003 Promitte
780 1958 973 2016 insuper
990 1970 1063 2002 me
1082 1956 1217 2003 nulla
1237 1956 1423 2003 decreta
1446 1955 1647 2002 Ooncilii
1665 1956 1855 2017 scriptis
1882 1970 1975 2015 pu-

415 2033 549 2082 blicis
575 2034 939 2093 divulgaturum,
958 2039 1210 2096 antequam
1238 2035 1361 2094 typis
1380 2032 1666 2094 demandata
1676 2031 1868 2091 suerint
1886 2033 1974 2079 Re-

412 2110 840 2160 verendissimorum
860 2112 1061 2158 Puerum
1081 2113 1375 2158 auctoritate.
1397 2111 1421 2134 ”

484 2188 688 2241 Deinde
710 2187 1045 2257 proclamatae
1066 2193 1190 2241 sunt
1226 2185 1650 2257 congregationes
1665 2185 1727 2240 de
1749 2185 1977 2264 decretis,

415 2275 477 2329 de
497 2275 738 2340 doctrina,
773 2277 832 2329 de
853 2276 1074 2346 lituryia,
1097 2275 1159 2329 de
1192 2275 1459 2346 disciplina
1482 2275 1607 2328 etde
1641 2275 1827 2330 studiis
1852 2276 1975 2329 litte-

415 2365 571 2417 rariis
604 2371 653 2417 et
685 2365 1040 2429 ecclesiasticis,
1068 2366 1183 2436 jam
1221 2364 1278 2417 in
1321 2364 1524 2433 privata
1565 2364 1973 2435 congregatione

418 2453 711 2507 efformatae.

487 2541 724 2594 Indicata
756 2541 858 2594 fuit
893 2541 1061 2611 prima
1096 2541 1251 2594 sessio
1293 2539 1569 2610 generalis,
1604 2540 1690 2593 die
1732 2541 1972 2609 sequenti

417 2628 547 2682 hora
564 2635 743 2683 octava
763 2637 883 2683 ante
901 2630 1170 2682 meridiem
1188 2628 1444 2682 habenda.

488 2717 756 2786 Huncque
777 2719 937 2772 finem
971 2718 1175 2781 habuit,
1198 2717 1412 2770 recitata
1435 2717 1668 2770 oratione
1694 2716 1801 2771 Sub
1839 2723 1974 2768 tuum

422 2812 535 2869 etc„
558 2807 726 2876 prima
746 2808 1076 2878 congregatio
1100 2805 1370 2876 generalis.

1005 2973 1172 3027 Sessio
1186 2974 1370 3042 prima.

494 3060 651 3113 Anno
675 3060 949 3114 millesimo
964 3061 1395 3132 octingentesimo
1417 3059 1850 3130 quinquagesimo
1874 3058 1978 3127 pri-
