2600 3536
501 289 571 340 72
945 303 1233 340 commun
1269 305 1602 345 cunnncsnsn

497 433 575 490 ut,
595 445 714 481 cum
738 430 960 482 Decreta
982 430 1118 500 typis
1141 431 1373 493 edantur,
1415 431 1562 483 Fidei
1586 430 1832 499 professio
1876 449 1905 483 a
1943 431 2042 484 Pio

494 520 595 573 IV.
621 536 659 573 s·
686 537 752 571 m.
779 523 1077 587 praescripta
1119 536 1211 588 per
1249 526 1517 572 extensum
1536 519 1805 583 inseratur,
1842 521 2044 574 eodem-

494 627 598 678 que
642 611 863 662 Decreto
922 609 1074 662 tertio
1117 608 1302 660 clarius
1325 607 1479 660 etiam
1496 607 1812 676 significetur
1847 609 2047 662 Profes-

493 699 689 752 sionem
704 699 846 751 illam
866 716 896 750 a
910 697 1151 750 Patribus
1170 695 1465 748 solemniter
1477 696 1530 747 in
1543 696 1744 765 Synodo
1762 698 2046 765 praestitam

493 787 663 840 fuisse.
703 787 888 852 Neque
908 786 1063 838 etiam
1084 786 1501 852 praetereundum
1525 786 1726 837 videtur
1749 785 1805 837 in
1828 786 2045 854 Synodis

496 878 778 929 Decretum
793 874 851 926 de
867 874 992 926 Fide
1016 872 1100 924 edi
1124 873 1461 935 consuevisse,
1482 891 1599 940 quc,
1622 874 1850 926 locorum
1874 892 1932 925 ac
1948 874 2042 926 cir-

496 964 920 1017 cumstantiarum
957 963 1155 1014 ratione
1195 962 1386 1024 habita,
1426 970 1739 1031 praecavetur
1785 971 1844 1016 ut
1887 962 2036 1015 Fidei

494 1052 775 1105 Catholicae
799 1052 995 1119 puritas
1019 1051 1324 1104 intemerata
1346 1059 1591 1114 servetur,
1612 1060 1767 1120 atque
1788 1053 2047 1105 erroribus

493 1142 662 1194 aditus
683 1141 998 1193 occludatur.
1048 1140 1178 1192 Cum
1202 1158 1377 1191 rursus
1414 1140 1701 1192 Concilium
1723 1141 2044 1194 Provinciale

430 1285 433 1289 ἵ
493 1231 594 1283 erit
614 1230 994 1291 celebrandum,
1017 1229 1139 1281 huic
1163 1228 1384 1281 defectui
1405 1247 1671 1281 occurrere
1689 1230 1880 1283 licebit.

562 1356 626 1407 In
663 1356 867 1406 decreto
892 1359 1077 1421 quarto
1120 1353 1407 1405 accuratius
1448 1354 1757 1405 secernenda
1793 1354 2037 1407 videntur

489 1446 649 1498 verba
689 1443 738 1495 S.
762 1443 906 1494 Petri
944 1442 1250 1510 Chrysologi
1274 1443 1337 1493 ab
1374 1441 1439 1492 iis
1467 1457 1582 1507 quae
1607 1443 1805 1494 addunt
1848 1442 2042 1511 Synodi

489 1534 673 1587 Patres
698 1552 710 1591 ;
739 1533 894 1583 verba
919 1539 1092 1583 autem
1112 1531 1160 1583 S.
1190 1531 1427 1582 Doctoris
1450 1530 1524 1582 ita
1539 1530 1917 1583 exhibenturin
1937 1530 2045 1583 edi-

486 1622 629 1675 tione
671 1621 1020 1673 Baheriniana
1065 1636 1279 1688 operum
1323 1619 1370 1672 S.
1419 1619 1607 1671 Leonis
1650 1620 1709 1671 T.
1758 1625 1799 1672 1.
1826 1638 1875 1688 p.
1919 1620 2038 1672 ’‘¹79-

495 1711 740 1772 Quoniam
761 1711 951 1762 Beatus
973 1710 1155 1760 Petrus
1175 1710 1265 1777 qui
1285 1710 1336 1759 in
1352 1710 1564 1777 propria
1583 1708 1693 1760 sede
1710 1710 1833 1760 vivit
1851 1716 1897 1760 et
1912 1726 2041 1778 prce-

485 1800 626 1861 sidet‚
642 1806 856 1867 proestat
871 1798 1197 1866 quaerentibus
1223 1799 1485 1848 veritatem.
1524 1797 1588 1848 In
1613 1796 1835 1850 formula
1859 1798 2042 1851 Orien·

486 1889 679 1942 talibus
704 1889 768 1940 ab
788 1887 1071 1938 Hormisda
1094 1886 1347 1939 Pontifice
1363 1888 1624 1954 proposita
1638 1887 1830 1956 legitur
1853 1903 1864 1938 :
1891 1888 2043 1940 Sedes

484 1978 673 2046 Aplica
684 2016 805 2029 ......
850 1978 904 2026 in
924 1992 1022 2043 qua
1045 1983 1119 2026 est
1157 1977 1345 2042 integra
1368 1982 1418 2026 et
1438 1991 1551 2025 vera
1583 1975 1878 2029 christiam
1898 1976 2039 2029 Reli-

476 2068 643 2136 gionis
655 2063 882 2133 peffecta
901 2064 1140 2116 soliditas,
1215 2063 1441 2115 Demum
1482 2064 1823 2116 Paschasinus
1846 2064 2041 2133 aliique

484 2156 535 2208 S.
560 2155 748 2208 Leonis
773 2154 848 2206 M.
874 2153 1035 2222 legati
1056 2153 1112 2203 in.
1137 2152 1368 2204 Concilio
1389 2152 1812 2215 Chalcedonensi,
1832 2154 2034 2206 actione

489 2246 539 2296 3.
566 2244 625 2296 B.
666 2243 876 2295 Petrum
901 2248 1357 2294 commemorantes
1378 2242 1604 2293 addunt:
1631 2244 1718 2309 qui
1740 2251 1814 2294 est
1833 2251 1971 2311 petra
1992 2251 2041 2294 et

484 2332 680 2401 crepido
731 2332 992 2384 Catholicae
1036 2331 1290 2391 Ecclesiae,
1335 2338 1381 2381 et
1414 2337 1554 2382 rectae
1580 2331 1729 2383 Fidei
1731 2330 2036 2397 fundamen-

483 2430 598 2475 tum.

556 2547 827 2598 Indultum
851 2563 944 2614 pro
967 2544 1110 2597 festis
1130 2547 1194 2597 de
1216 2545 1404 2612 quibus
1427 2545 1481 2597 in
1502 2546 1682 2612 quinto
1707 2545 1929 2598 Decreto
1950 2547 2036 2599 ad-

474 2636 720 2707 jectoque
740 2635 960 2703 supplici
979 2634 1153 2686 libello
1199 2636 1463 2703 agebatur,
1500 2651 1796 2686 concessum
1817 2642 1926 2689 est:
1961 2635 2036 2688 ita

479 2731 656 2778 tamen
680 2730 739 2776 ut
758 2723 899 2776 tituli
917 2741 976 2776 ac
1008 2724 1116 2775 dies
1152 2741 1244 2792 pro
1268 2724 1448 2775 iisdem
1485 2722 1627 2776 festis
1650 2725 1715 2776 ad
1740 2724 2034 2777 calendarii

481 2813 631 2865 Rom.
659 2811 800 2865 Cleri
836 2829 1069 2864 normam
1108 2813 1212 2865 sint
1250 2813 1541 2865 reducendi.
1615 2813 1800 2872 Quoad
1845 2814 2033 2868 festum

482 2902 544 2954 B.
570 2902 645 2955 M.
669 2903 734 2954 de
760 2902 1009 2965 Victoria,
1034 2903 1217 2971 petitio
1243 2904 1306 2954 ad
1330 2903 1379 2954 S.
1409 2902 1626 2954 Rituum
1651 2903 1707 2955 C.
1735 2905 2032 2957 transmissa

480 2998 589 3044 est:
614 3008 834 3060 cumque
859 3010 925 3045 ex
957 2992 1288 3061 responsione
1307 3010 1367 3044 ea
1391 2992 1457 3043 de
1472 3009 1527 3044 re
1548 2993 1760 3055 edenda,
1785 2993 1853 3046 sit
1871 2993 2029 3047 etiam
