2560 3536
0 0 1262 93 -T-—V

1157 317 1510 354 Pnovmomm:
1535 319 1569 355 1.
2054 305 2125 361 67

597 448 710 495 tum
733 442 814 504 sit,
835 446 896 494 ut
929 441 1160 509 quolibet
1184 441 1367 494 saltem
1409 442 1633 495 triennio
1668 443 1988 499 celebrentur
2009 464 2126 500 con·

597 530 719 583 cilia
739 529 1087 598 provincialia,
1111 536 1170 583 ut
1192 529 1437 583 Ecclesiae
1457 531 1618 584 menti
1641 532 1995 599 obsequamur,
2016 535 2126 589 Nos

598 619 785 672 Petrus
808 618 1082 671 Flavianus
1105 618 1361 689 Turgeon,
1382 618 1811 688 Archiepiscopus
1834 620 2130 679 Quebecen-

597 707 681 768 sis,
697 707 762 759 de
781 706 989 759 consilio
1010 713 1063 760 et
1083 724 1331 759 consensu
1345 707 1905 762 Reverendissimorum
1924 709 2130 778 Episco-

598 813 781 864 porum
805 795 1338 863 Comprovincialium,
1358 796 1650 864 proximum
1670 796 1956 850 Concilium
1974 797 2132 869 hujus

600 883 886 937 Provinciae
927 883 983 934 in
1036 883 1150 951 ipsa
1206 889 1381 936 nostra
1439 884 1666 937 Ecclesia
1717 886 2132 955 Metropolitum,

599 990 773 1025 mense
796 972 932 1023 maio
971 988 1106 1023 anno
1130 971 1399 1024 millesimo
1437 973 1856 1041 octingentesimo
1881 974 2131 1043 quinqua-

599 1061 793 1130 gesimo
817 1064 1015 1126 quarto,
1037 1059 1398 1111 celebrandum
1410 1060 1521 1130 jam
1553 1061 1911 1115 denuntiamus
1932 1068 1984 1116 et
2003 1063 2133 1117 indi-

602 1148 764 1201 cimus
783 1147 1004 1199 onnibus
1028 1147 1119 1214 qui
1140 1154 1419 1216 praesentes
1440 1149 1614 1201 adesse
1637 1149 1839 1202 debent.

896 1290 1392 1345 XXL--Decretum
1410 1290 1588 1358 define
1620 1291 1840 1344 aoncilii,

671 1433 803 1485 Cum
836 1432 1089 1501 placuerit
1109 1430 1346 1483 omnibus
1383 1431 1624 1482 Patribus
1647 1431 1804 1500 hujus
1840 1431 2056 1484 Concilii
2076 1433 2134 1486 fi-

602 1539 722 1574 nem
745 1521 875 1583 fieri,
896 1521 1020 1583 Nos,
1044 1521 1232 1573 Petrus
1251 1518 1526 1572 Flavianus
1562 1520 1821 1588 Turgeon,
1844 1521 2135 1590 Archiepis-

579 1630 585 1638 ·
605 1627 761 1679 copus
784 1608 1149 1670 QuebecensiS,
1165 1607 1475 1661 Pro-vinciali
1490 1607 1717 1660 Concilio
1735 1608 1891 1661 finem
1904 1607 2134 1672 facimus,

605 1705 657 1753 et
673 1699 784 1769 jam
805 1715 945 1749 nunc
963 1696 1157 1749 iactum
1181 1712 1287 1748 esse
1312 1696 1644 1748 decernimus.

907 1815 1437 1873 XXII.-Decretum
1460 1818 1841 1887 subscriptionis,

675 1943 800 2007 NoS‚
855 1944 1040 1997 Petrus
1087 1943 1362 1996 Flavianus
1414 1942 1659 2011 Turgeon
1702 1941 2132 2011 Archiepiscopus

611 2032 963 2093 Quebecensis
978 2033 1311 2085 admonemus
1324 2031 1499 2083 Rmos.
1517 2030 1697 2083 Patres
1711 2045 1902 2086 omnes.
1913 2029 2004 2097 qui
2015 2029 2137 2082 huic

606 2122 807 2192 Synodo
821 2121 941 2192 jure
961 2121 1218 2174 intersunt
1240 2125 1295 2172 et
1314 2116 1675 2180 interfuerunt,
1694 2124 1754 2171 ut
1786 2123 1903 2186 post
1922 2133 2018 2171 nos
2038 2117 2138 2170 sin·

605 2210 730 2280 guli,
753 2210 865 2263 loco
891 2215 944 2262 et
961 2208 1139 2261 ordine
1164 2224 1273 2271 suo,
1297 2208 1362 2260 ad
1385 2207 1546 2260 altare
1569 2206 1829 2269 accedant,
1850 2212 1903 2259 et
1934 2205 2000 2258 iis
2023 2221 2139 2273 quae

605 2298 662 2352 in
679 2299 778 2352 hac
801 2298 1004 2368 Synodo
1023 2298 1230 2369 decreta
1248 2301 1369 2349 sunt
1387 2295 1725 2348 subscribant.

678 2387 789 2440 Nos
832 2387 1019 2440 Petrus
1067 2384 1344 2439 Flavianus
1399 2384 1658 2452 Turgeon,
1715 2381 2143 2451 Archiepiscopus

608 2475 975 2538 QnebecensiS,
1012 2475 1128 2529 haec
1161 2474 1366 2527 decreta
1388 2490 1419 2525 a
1440 2471 1588 2525 nobis
1624 2470 1837 2525 definita
1854 2469 2143 2540 subscripsi-

610 2582 741 2619 mus.

892 2669 933 2714 -ι-
961 2650 1020 2704 P.
1043 2651 1103 2704 F.
1127 2647 1558 2718 Archiepiscopus
1574 2648 1933 2707 Quebecensis.

962 2740 1076 2810 Ego
1099 2739 1247 2791 Rem.
1269 2737 1554 2807 Episcopus
1586 2734 2002 2807 Kingstoniensis
2025 2733 2145 2788 defi-

1035 2827 1185 2881 niens
1209 2825 1498 2895 subscripsi.

967 2917 1080 2988 Ego
1100 2916 1338 2987 Ignatius
1360 2916 1529 2985 Episc.
1549 2911 2042 2982 Marianopolitanus
2062 2910 2149 2966 de-

1032 3007 1220 3061 finiens
1239 3004 1530 3074 subscripsi.
