<?xml version="1.0" encoding="UTF-8"?>
<!DOCTYPE html PUBLIC "-//W3C//DTD XHTML 1.0 Transitional//EN"
    "http://www.w3.org/TR/xhtml1/DTD/xhtml1-transitional.dtd">
<html xmlns="http://www.w3.org/1999/xhtml" xml:lang="en" lang="en">
 <head>
  <title>
</title>
<meta http-equiv="Content-Type" content="text/html;charset=utf-8" />
  <meta name='ocr-system' content='tesseract 3.04.00' />
  <meta name='ocr-capabilities' content='ocr_page ocr_carea ocr_par ocr_line ocrx_word'/>
</head>
<body>
  <div class='ocr_page' id='page_1' title='image "./cihm_22335_0079.png"; bbox 0 0 2584 3536; ppageno 0'>
   <div class='ocr_carea' id='block_1_1' title="bbox 456 315 1555 371">
    <p class='ocr_par' dir='ltr' id='par_1_1' title="bbox 456 315 1555 371">
     <span class='ocr_line' id='line_1_1' title="bbox 456 315 1555 371; baseline -0.001 -1"><span class='ocrx_word' id='word_1_1' title='bbox 456 315 526 371; x_wconf 78' lang='lat'><strong>74</strong></span> <span class='ocrx_word' id='word_1_2' title='bbox 898 329 1186 368; x_wconf 63' lang='lat' dir='ltr'><strong>conomius</strong></span> <span class='ocrx_word' id='word_1_3' title='bbox 1221 330 1555 371; x_wconf 71' lang='lat' dir='ltr'><strong>eununcnusn</strong></span> 
     </span>
    </p>
   </div>
   <div class='ocr_carea' id='block_1_2' title="bbox 438 455 1996 1232">
    <p class='ocr_par' dir='ltr' id='par_1_2' title="bbox 439 455 1996 1043">
     <span class='ocr_line' id='line_1_2' title="bbox 517 455 1996 524; baseline -0.001 -14"><span class='ocrx_word' id='word_1_4' title='bbox 517 455 772 510; x_wconf 87' lang='lat' dir='ltr'><strong>Delcatur</strong></span> <span class='ocrx_word' id='word_1_5' title='bbox 794 455 1043 510; x_wconf 73' lang='lat' dir='ltr'><strong><em>adnotatio</em></strong></span> <span class='ocrx_word' id='word_1_6' title='bbox 1065 473 1184 524; x_wconf 81' lang='lat' dir='ltr'><strong>quae</strong></span> <span class='ocrx_word' id='word_1_7' title='bbox 1205 455 1415 524; x_wconf 80' lang='lat' dir='ltr'><strong>respicit</strong></span> <span class='ocrx_word' id='word_1_8' title='bbox 1450 455 1775 510; x_wconf 90' lang='lat' dir='ltr'><strong>omissionem</strong></span> <span class='ocrx_word' id='word_1_9' title='bbox 1798 455 1996 509; x_wconf 87' lang='lat' dir='ltr'><strong>unctio-</strong></span> 
     </span>
     <span class='ocr_line' id='line_1_3' title="bbox 441 544 1996 599; baseline 0 0"><span class='ocrx_word' id='word_1_10' title='bbox 441 545 525 599; x_wconf 97' lang='lat' dir='ltr'><strong>nis</strong></span> <span class='ocrx_word' id='word_1_11' title='bbox 541 545 843 598; x_wconf 88' lang='lat' dir='ltr'><strong>lumborum</strong></span> <span class='ocrx_word' id='word_1_12' title='bbox 863 563 957 599; x_wconf 91' lang='lat' dir='ltr'><strong>seu</strong></span> <span class='ocrx_word' id='word_1_13' title='bbox 992 544 1211 598; x_wconf 89' lang='lat' dir='ltr'><strong>renium.</strong></span> <span class='ocrx_word' id='word_1_14' title='bbox 1287 545 1352 597; x_wconf 89' lang='lat' dir='ltr'><strong>In</strong></span> <span class='ocrx_word' id='word_1_15' title='bbox 1372 545 1553 597; x_wconf 86' lang='lat' dir='ltr'><strong>ordine</strong></span> <span class='ocrx_word' id='word_1_16' title='bbox 1571 546 1996 599; x_wconf 69' lang='lat' dir='ltr'><strong><em>commendationis</em></strong></span> 
     </span>
     <span class='ocr_line' id='line_1_4' title="bbox 441 633 1994 703; baseline -0.001 -15"><span class='ocrx_word' id='word_1_17' title='bbox 441 635 637 698; x_wconf 67' lang='lat' dir='ltr'><strong>animae,</strong></span> <span class='ocrx_word' id='word_1_18' title='bbox 659 634 802 688; x_wconf 90' lang='lat' dir='ltr'><strong>haud</strong></span> <span class='ocrx_word' id='word_1_19' title='bbox 824 633 1035 688; x_wconf 88' lang='lat' dir='ltr'><strong>tollatur</strong></span> <span class='ocrx_word' id='word_1_20' title='bbox 1057 639 1233 686; x_wconf 86' lang='lat' dir='ltr'><strong>textus</strong></span> <span class='ocrx_word' id='word_1_21' title='bbox 1255 633 1445 686; x_wconf 87' lang='lat' dir='ltr'><strong>latinus</strong></span> <span class='ocrx_word' id='word_1_22' title='bbox 1487 633 1684 703; x_wconf 89' lang='lat' dir='ltr'><strong>Evang.</strong></span> <span class='ocrx_word' id='word_1_23' title='bbox 1710 636 1994 688; x_wconf 89' lang='lat' dir='ltr'><strong>secundum</strong></span> 
     </span>
     <span class='ocr_line' id='line_1_5' title="bbox 442 720 1996 782; baseline -0.001 -5"><span class='ocrx_word' id='word_1_24' title='bbox 442 724 720 777; x_wconf 83' lang='lat' dir='ltr'><strong>Joannem.</strong></span> <span class='ocrx_word' id='word_1_25' title='bbox 757 723 946 782; x_wconf 83' lang='lat' dir='ltr'><strong>Quoad</strong></span> <span class='ocrx_word' id='word_1_26' title='bbox 970 720 1364 774; x_wconf 88' lang='lat' dir='ltr'><strong>Benedictiones</strong></span> <span class='ocrx_word' id='word_1_27' title='bbox 1385 721 1442 772; x_wconf 90' lang='lat' dir='ltr'><strong>in</strong></span> <span class='ocrx_word' id='word_1_28' title='bbox 1466 721 1666 775; x_wconf 87' lang='lat' dir='ltr'><strong>Rituali</strong></span> <span class='ocrx_word' id='word_1_29' title='bbox 1683 723 1816 776; x_wconf 82' lang='lat' dir='ltr'><strong>Rno.</strong></span> <span class='ocrx_word' id='word_1_30' title='bbox 1852 723 1996 776; x_wconf 90' lang='lat' dir='ltr'><strong>haud</strong></span> 
     </span>
     <span class='ocr_line' id='line_1_6' title="bbox 442 808 1995 880; baseline -0.001 -15"><span class='ocrx_word' id='word_1_31' title='bbox 442 811 852 880; x_wconf 84' lang='lat' dir='ltr'><strong>comprehensas,</strong></span> <span class='ocrx_word' id='word_1_32' title='bbox 872 809 980 862; x_wconf 86' lang='lat' dir='ltr'><strong>EE.</strong></span> <span class='ocrx_word' id='word_1_33' title='bbox 1006 808 1113 862; x_wconf 90' lang='grc' dir='ltr'><strong>ΡΡ.</strong></span> <span class='ocrx_word' id='word_1_34' title='bbox 1137 815 1449 861; x_wconf 88' lang='lat' dir='ltr'><strong>censuerunt</strong></span> <span class='ocrx_word' id='word_1_35' title='bbox 1468 809 1620 879; x_wconf 88' lang='lat' dir='ltr'><strong>Epos.</strong></span> <span class='ocrx_word' id='word_1_36' title='bbox 1659 810 1995 863; x_wconf 88' lang='lat' dir='ltr'><strong>remittendos</strong></span> 
     </span>
     <span class='ocr_line' id='line_1_7' title="bbox 442 897 1993 965; baseline -0.001 -12"><span class='ocrx_word' id='word_1_37' title='bbox 442 917 552 953; x_wconf 91' lang='lat' dir='ltr'><strong>esse</strong></span> <span class='ocrx_word' id='word_1_38' title='bbox 570 900 637 952; x_wconf 88' lang='lat' dir='ltr'><strong>ad</strong></span> <span class='ocrx_word' id='word_1_39' title='bbox 656 898 705 952; x_wconf 88' lang='lat' dir='ltr'><strong>S.</strong></span> <span class='ocrx_word' id='word_1_40' title='bbox 731 898 788 951; x_wconf 84' lang='lat' dir='ltr'><strong>G.</strong></span> <span class='ocrx_word' id='word_1_41' title='bbox 815 898 1048 951; x_wconf 87' lang='lat' dir='ltr'><strong>Rituum.</strong></span> <span class='ocrx_word' id='word_1_42' title='bbox 1107 898 1174 950; x_wconf 91' lang='lat' dir='ltr'><strong>In</strong></span> <span class='ocrx_word' id='word_1_43' title='bbox 1196 897 1409 965; x_wconf 87' lang='lat' dir='ltr'><strong>reliquis</strong></span> <span class='ocrx_word' id='word_1_44' title='bbox 1432 904 1623 958; x_wconf 84' lang='lat' dir='ltr'><strong>autem,</strong></span> <span class='ocrx_word' id='word_1_45' title='bbox 1645 898 1868 951; x_wconf 85' lang='lat' dir='ltr'><strong>Ritualis</strong></span> <span class='ocrx_word' id='word_1_46' title='bbox 1889 899 1993 951; x_wconf 92' lang='lat' dir='ltr'><strong>edi-</strong></span> 
     </span>
     <span class='ocr_line' id='line_1_8' title="bbox 439 986 1393 1043; baseline -0.004 -1"><span class='ocrx_word' id='word_1_47' title='bbox 439 988 513 1043; x_wconf 89' lang='lat' dir='ltr'><strong>tio</strong></span> <span class='ocrx_word' id='word_1_48' title='bbox 537 986 810 1040; x_wconf 89' lang='lat' dir='ltr'><strong>conformis</strong></span> <span class='ocrx_word' id='word_1_49' title='bbox 833 988 901 1039; x_wconf 90' lang='lat' dir='ltr'><strong>sit</strong></span> <span class='ocrx_word' id='word_1_50' title='bbox 923 986 1123 1040; x_wconf 81' lang='lat' dir='ltr'><strong>Rituali</strong></span> <span class='ocrx_word' id='word_1_51' title='bbox 1144 986 1393 1039; x_wconf 85' lang='lat' dir='ltr'><strong>Romane.</strong></span> 
     </span>
    </p>

    <p class='ocr_par' dir='ltr' id='par_1_3' title="bbox 438 1073 1994 1232">
     <span class='ocr_line' id='line_1_9' title="bbox 507 1073 1993 1143; baseline -0.001 -15"><span class='ocrx_word' id='word_1_52' title='bbox 507 1077 589 1128; x_wconf 91' lang='lat' dir='ltr'><strong>De</strong></span> <span class='ocrx_word' id='word_1_53' title='bbox 620 1075 1030 1130; x_wconf 80' lang='lat' dir='ltr'><strong>Caeremoniarum</strong></span> <span class='ocrx_word' id='word_1_54' title='bbox 1078 1074 1201 1127; x_wconf 83' lang='lat' dir='ltr'><strong>libro</strong></span> <span class='ocrx_word' id='word_1_55' title='bbox 1220 1075 1329 1129; x_wconf 87' lang='grc' dir='ltr'><strong>ΕΕ.</strong></span> <span class='ocrx_word' id='word_1_56' title='bbox 1366 1074 1472 1127; x_wconf 89' lang='grc' dir='ltr'><strong>ΡΡ.</strong></span> <span class='ocrx_word' id='word_1_57' title='bbox 1500 1080 1711 1143; x_wconf 84' lang='lat' dir='ltr'><strong>agentes</strong></span> <span class='ocrx_word' id='word_1_58' title='bbox 1728 1073 1993 1127; x_wconf 87' lang='lat' dir='ltr'><strong>occasione</strong></span> 
     </span>
     <span class='ocr_line' id='line_1_10' title="bbox 438 1162 1994 1232; baseline -0.001 -15"><span class='ocrx_word' id='word_1_59' title='bbox 438 1164 650 1218; x_wconf 89' lang='lat' dir='ltr'><strong>Decreti</strong></span> <span class='ocrx_word' id='word_1_60' title='bbox 693 1164 911 1232; x_wconf 91' lang='lat' dir='ltr'><strong>septimo</strong></span> <span class='ocrx_word' id='word_1_61' title='bbox 954 1164 1005 1216; x_wconf 93' lang='lat' dir='ltr'>N</span> <span class='ocrx_word' id='word_1_62' title='bbox 1025 1164 1059 1212; x_wconf 71' lang='grc' dir='ltr'><strong>Ρ.</strong></span> <span class='ocrx_word' id='word_1_63' title='bbox 1100 1163 1210 1226; x_wconf 90' lang='lat' dir='ltr'><strong>lati,</strong></span> <span class='ocrx_word' id='word_1_64' title='bbox 1236 1164 1643 1231; x_wconf 87' lang='lat' dir='ltr'><strong>responderunt:</strong></span> <span class='ocrx_word' id='word_1_65' title='bbox 1677 1162 1804 1215; x_wconf 81' lang='lat' dir='ltr'><strong>edito</strong></span> <span class='ocrx_word' id='word_1_66' title='bbox 1842 1166 1994 1232; x_wconf 78' lang='lat' dir='ltr'><strong>prius</strong></span> 
     </span>
    </p>
   </div>
   <div class='ocr_carea' id='block_1_3' title="bbox 445 1251 1992 1402">
    <p class='ocr_par' dir='ltr' id='par_1_4' title="bbox 445 1251 1992 1402">
     <span class='ocr_line' id='line_1_11' title="bbox 445 1251 1859 1320; baseline -0.001 -14"><span class='ocrx_word' id='word_1_67' title='bbox 445 1252 789 1307; x_wconf 78' lang='lat' dir='ltr'><strong>Goeremoniali</strong></span> <span class='ocrx_word' id='word_1_68' title='bbox 809 1260 858 1304; x_wconf 78' lang='lat' dir='ltr'><strong>et</strong></span> <span class='ocrx_word' id='word_1_69' title='bbox 878 1253 932 1304; x_wconf 75' lang='lat' dir='ltr'><strong>S.</strong></span> <span class='ocrx_word' id='word_1_70' title='bbox 966 1252 1019 1304; x_wconf 81' lang='grc' dir='ltr'><strong>Ο.</strong></span> <span class='ocrx_word' id='word_1_71' title='bbox 1041 1253 1262 1304; x_wconf 71' lang='lat' dir='ltr'><strong>ewamini</strong></span> <span class='ocrx_word' id='word_1_72' title='bbox 1281 1251 1493 1319; x_wconf 80' lang='lat' dir='ltr'><strong>subjecto</strong></span> <span class='ocrx_word' id='word_1_73' title='bbox 1509 1251 1859 1320; x_wconf 79' lang='lat' dir='ltr'><strong>providebitur.</strong></span> 
     </span>
     <span class='ocr_line' id='line_1_12' title="bbox 507 1334 1992 1402; baseline -0.001 -14"><span class='ocrx_word' id='word_1_74' title='bbox 507 1336 791 1388; x_wconf 83' lang='lat' dir='ltr'><strong>Decretum</strong></span> <span class='ocrx_word' id='word_1_75' title='bbox 810 1351 1006 1387; x_wconf 90' lang='lat' dir='ltr'><strong>nonum</strong></span> <span class='ocrx_word' id='word_1_76' title='bbox 1053 1334 1360 1402; x_wconf 90' lang='lat' dir='ltr'><strong>inscriptum</strong></span> <span class='ocrx_word' id='word_1_77' title='bbox 1394 1335 1479 1387; x_wconf 82' lang='lat' dir='ltr'><strong>Dc</strong></span> <span class='ocrx_word' id='word_1_78' title='bbox 1498 1334 1886 1386; x_wconf 78' lang='lat' dir='ltr'><strong>solemnitatibus</strong></span> <span class='ocrx_word' id='word_1_79' title='bbox 1905 1334 1992 1387; x_wconf 88' lang='lat' dir='ltr'><strong>ad-</strong></span> 
     </span>
    </p>
   </div>
   <div class='ocr_carea' id='block_1_4' title="bbox 427 1421 1994 3086">
    <p class='ocr_par' dir='ltr' id='par_1_5' title="bbox 435 1421 1994 1584">
     <span class='ocr_line' id='line_1_13' title="bbox 437 1421 1994 1491; baseline -0.001 -15"><span class='ocrx_word' id='word_1_80' title='bbox 437 1423 652 1476; x_wconf 83' lang='lat' dir='ltr'><strong>missum</strong></span> <span class='ocrx_word' id='word_1_81' title='bbox 673 1428 779 1475; x_wconf 88' lang='lat' dir='ltr'><strong>est:</strong></span> <span class='ocrx_word' id='word_1_82' title='bbox 817 1422 962 1475; x_wconf 92' lang='lat' dir='ltr'><strong>Num</strong></span> <span class='ocrx_word' id='word_1_83' title='bbox 980 1421 1015 1468; x_wconf 70' lang='lat'>9</span> <span class='ocrx_word' id='word_1_84' title='bbox 1057 1427 1231 1475; x_wconf 89' lang='lat' dir='ltr'><strong>autem</strong></span> <span class='ocrx_word' id='word_1_85' title='bbox 1250 1422 1417 1491; x_wconf 88' lang='lat' dir='ltr'><strong>primo</strong></span> <span class='ocrx_word' id='word_1_86' title='bbox 1436 1422 1708 1475; x_wconf 91' lang='lat' dir='ltr'><strong>Indultum</strong></span> <span class='ocrx_word' id='word_1_87' title='bbox 1743 1422 1994 1476; x_wconf 86' lang='lat' dir='ltr'><strong>Sanctita-</strong></span> 
     </span>
     <span class='ocr_line' id='line_1_14' title="bbox 435 1512 1451 1584; baseline -0.002 -18"><span class='ocrx_word' id='word_1_88' title='bbox 435 1512 504 1567; x_wconf 90' lang='lat' dir='ltr'><strong>tis</strong></span> <span class='ocrx_word' id='word_1_89' title='bbox 527 1513 643 1566; x_wconf 82' lang='lat' dir='ltr'><strong>Suoe</strong></span> <span class='ocrx_word' id='word_1_90' title='bbox 667 1512 835 1566; x_wconf 90' lang='lat' dir='ltr'><strong>eidem</strong></span> <span class='ocrx_word' id='word_1_91' title='bbox 862 1514 1177 1583; x_wconf 90' lang='lat' dir='ltr'><strong>respondens</strong></span> <span class='ocrx_word' id='word_1_92' title='bbox 1196 1513 1451 1584; x_wconf 87' lang='lat' dir='ltr'><strong>adjicitur.</strong></span> 
     </span>
    </p>

    <p class='ocr_par' dir='ltr' id='par_1_6' title="bbox 427 1595 1992 3086">
     <span class='ocr_line' id='line_1_15' title="bbox 503 1595 1991 1665; baseline 0.003 -18"><span class='ocrx_word' id='word_1_93' title='bbox 503 1595 571 1648; x_wconf 91' lang='lat' dir='ltr'><strong>In</strong></span> <span class='ocrx_word' id='word_1_94' title='bbox 595 1596 817 1649; x_wconf 91' lang='lat' dir='ltr'><strong>Decreto</strong></span> <span class='ocrx_word' id='word_1_95' title='bbox 849 1599 929 1659; x_wconf 83' lang='lat'><strong>12,</strong></span> <span class='ocrx_word' id='word_1_96' title='bbox 971 1603 1178 1665; x_wconf 89' lang='lat' dir='ltr'><strong>tempus</strong></span> <span class='ocrx_word' id='word_1_97' title='bbox 1202 1613 1305 1664; x_wconf 90' lang='lat' dir='ltr'><strong>quo</strong></span> <span class='ocrx_word' id='word_1_98' title='bbox 1329 1597 1704 1651; x_wconf 86' lang='lat' dir='ltr'><strong>cathechismus</strong></span> <span class='ocrx_word' id='word_1_99' title='bbox 1746 1597 1853 1649; x_wconf 57' lang='lat' dir='ltr'><strong>fic*</strong></span> <span class='ocrx_word' id='word_1_100' title='bbox 1904 1599 1991 1651; x_wconf 91' lang='lat' dir='ltr'><strong>de·</strong></span> 
     </span>
     <span class='ocr_line' id='line_1_16' title="bbox 433 1681 1988 1755; baseline 0.001 -19"><span class='ocrx_word' id='word_1_101' title='bbox 433 1683 556 1738; x_wconf 88' lang='lat' dir='ltr'><strong>beat</strong></span> <span class='ocrx_word' id='word_1_102' title='bbox 589 1684 734 1737; x_wconf 86' lang='lat' dir='ltr'><strong>haud</strong></span> <span class='ocrx_word' id='word_1_103' title='bbox 755 1684 923 1738; x_wconf 86' lang='lat' dir='ltr'><strong>visum</strong></span> <span class='ocrx_word' id='word_1_104' title='bbox 959 1691 1037 1738; x_wconf 89' lang='lat' dir='ltr'><strong>est</strong></span> <span class='ocrx_word' id='word_1_105' title='bbox 1074 1701 1170 1753; x_wconf 88' lang='lat' dir='ltr'><strong>pro</strong></span> <span class='ocrx_word' id='word_1_106' title='bbox 1206 1681 1316 1737; x_wconf 85' lang='lat' dir='ltr'><strong>ulla</strong></span> <span class='ocrx_word' id='word_1_107' title='bbox 1348 1686 1559 1755; x_wconf 87' lang='lat' dir='ltr'><strong>regione</strong></span> <span class='ocrx_word' id='word_1_108' title='bbox 1586 1692 1952 1739; x_wconf 82' lang='lat' dir='ltr'><strong>coarctandum</strong></span> <span class='ocrx_word' id='word_1_109' title='bbox 1976 1701 1988 1737; x_wconf 71' lang='grc' dir='ltr'>ε</span> 
     </span>
     <span class='ocr_line' id='line_1_17' title="bbox 432 1771 1991 1844; baseline 0.001 -19"><span class='ocrx_word' id='word_1_110' title='bbox 432 1771 557 1825; x_wconf 86' lang='lat' dir='ltr'><strong>hinc</strong></span> <span class='ocrx_word' id='word_1_111' title='bbox 575 1773 1014 1844; x_wconf 73' lang='lat' dir='ltr'><strong>praescribendum</strong></span> <span class='ocrx_word' id='word_1_112' title='bbox 1027 1779 1162 1827; x_wconf 87' lang='lat' dir='ltr'><strong>esset</strong></span> <span class='ocrx_word' id='word_1_113' title='bbox 1186 1775 1432 1841; x_wconf 85' lang='lat' dir='ltr'><strong>ut,quoad</strong></span> <span class='ocrx_word' id='word_1_114' title='bbox 1450 1774 1692 1844; x_wconf 88' lang='lat' dir='ltr'><strong>possibile</strong></span> <span class='ocrx_word' id='word_1_115' title='bbox 1715 1775 1798 1838; x_wconf 89' lang='lat' dir='ltr'><strong>sit,</strong></span> <span class='ocrx_word' id='word_1_116' title='bbox 1813 1792 1991 1843; x_wconf 89' lang='lat' dir='ltr'><strong>quem-</strong></span> 
     </span>
     <span class='ocr_line' id='line_1_18' title="bbox 434 1861 1992 1932; baseline 0 -17"><span class='ocrx_word' id='word_1_117' title='bbox 434 1862 714 1915; x_wconf 80' lang='lat' dir='ltr'><strong>admodum</strong></span> <span class='ocrx_word' id='word_1_118' title='bbox 736 1862 793 1914; x_wconf 91' lang='lat' dir='ltr'><strong>in</strong></span> <span class='ocrx_word' id='word_1_119' title='bbox 813 1862 1123 1925; x_wconf 76' lang='lat' dir='ltr'><strong>civitatibus,</strong></span> <span class='ocrx_word' id='word_1_120' title='bbox 1165 1862 1240 1916; x_wconf 90' lang='lat' dir='ltr'><strong>ita</strong></span> <span class='ocrx_word' id='word_1_121' title='bbox 1281 1863 1437 1916; x_wconf 88' lang='lat' dir='ltr'><strong>etiam</strong></span> <span class='ocrx_word' id='word_1_122' title='bbox 1459 1880 1595 1925; x_wconf 81' lang='lat' dir='ltr'><strong>rure,</strong></span> <span class='ocrx_word' id='word_1_123' title='bbox 1637 1863 1842 1932; x_wconf 81' lang='lat' dir='ltr'><strong>integro</strong></span> <span class='ocrx_word' id='word_1_124' title='bbox 1866 1861 1992 1915; x_wconf 88' lang='lat' dir='ltr'><strong>anni</strong></span> 
     </span>
     <span class='ocr_line' id='line_1_19' title="bbox 434 1950 1992 2021; baseline 0.001 -18"><span class='ocrx_word' id='word_1_125' title='bbox 434 1967 606 2013; x_wconf 90' lang='lat' dir='ltr'><strong>cursu,</strong></span> <span class='ocrx_word' id='word_1_126' title='bbox 626 1950 941 2004; x_wconf 75' lang='lat' dir='ltr'><strong>catechetica</strong></span> <span class='ocrx_word' id='word_1_127' title='bbox 953 1950 1226 2005; x_wconf 81' lang='lat' dir='ltr'><strong>instructio</strong></span> <span class='ocrx_word' id='word_1_128' title='bbox 1244 1951 1351 2005; x_wconf 88' lang='lat' dir='ltr'><strong>fiat.</strong></span> <span class='ocrx_word' id='word_1_129' title='bbox 1424 1951 1745 2021; x_wconf 86' lang='lat' dir='ltr'><strong>Opportunis</strong></span> <span class='ocrx_word' id='word_1_130' title='bbox 1768 1951 1992 2004; x_wconf 90' lang='lat' dir='ltr'><strong>instruc-</strong></span> 
     </span>
     <span class='ocr_line' id='line_1_20' title="bbox 431 2037 1988 2109; baseline 0 -18"><span class='ocrx_word' id='word_1_131' title='bbox 431 2037 662 2092; x_wconf 84' lang='lat' dir='ltr'><strong>tionibus</strong></span> <span class='ocrx_word' id='word_1_132' title='bbox 674 2040 826 2108; x_wconf 87' lang='lat' dir='ltr'><strong>pueri</strong></span> <span class='ocrx_word' id='word_1_133' title='bbox 842 2039 1150 2109; x_wconf 88' lang='lat' dir='ltr'><strong>disponendi</strong></span> <span class='ocrx_word' id='word_1_134' title='bbox 1182 2046 1319 2102; x_wconf 91' lang='lat' dir='ltr'><strong>sunt,</strong></span> <span class='ocrx_word' id='word_1_135' title='bbox 1341 2056 1447 2092; x_wconf 91' lang='lat' dir='ltr'><strong>non</strong></span> <span class='ocrx_word' id='word_1_136' title='bbox 1487 2040 1639 2093; x_wconf 91' lang='lat' dir='ltr'><strong>modo</strong></span> <span class='ocrx_word' id='word_1_137' title='bbox 1673 2040 1739 2092; x_wconf 85' lang='lat' dir='ltr'><strong>ad</strong></span> <span class='ocrx_word' id='word_1_138' title='bbox 1763 2039 1988 2108; x_wconf 84' lang='lat' dir='ltr'><strong>primam</strong></span> 
     </span>
     <span class='ocr_line' id='line_1_21' title="bbox 431 2126 1989 2197; baseline 0 -17"><span class='ocrx_word' id='word_1_139' title='bbox 431 2126 862 2191; x_wconf 89' lang='lat' dir='ltr'><strong>communionem,</strong></span> <span class='ocrx_word' id='word_1_140' title='bbox 897 2144 1078 2182; x_wconf 84' lang='lat' dir='ltr'><strong>verum</strong></span> <span class='ocrx_word' id='word_1_141' title='bbox 1097 2127 1254 2181; x_wconf 89' lang='lat' dir='ltr'><strong>etiam</strong></span> <span class='ocrx_word' id='word_1_142' title='bbox 1302 2132 1356 2182; x_wconf 92' lang='lat' dir='ltr'><strong>et</strong></span> <span class='ocrx_word' id='word_1_143' title='bbox 1377 2129 1443 2181; x_wconf 87' lang='lat' dir='ltr'><strong>ad</strong></span> <span class='ocrx_word' id='word_1_144' title='bbox 1463 2128 1682 2197; x_wconf 84' lang='lat' dir='ltr'><strong>primam</strong></span> <span class='ocrx_word' id='word_1_145' title='bbox 1715 2126 1989 2186; x_wconf 81' lang='lat' dir='ltr'><strong>confessio,</strong></span> 
     </span>
     <span class='ocr_line' id='line_1_22' title="bbox 430 2215 1990 2286; baseline 0.002 -18"><span class='ocrx_word' id='word_1_146' title='bbox 430 2231 567 2269; x_wconf 89' lang='lat' dir='ltr'><strong>nem.</strong></span> <span class='ocrx_word' id='word_1_147' title='bbox 640 2216 1044 2279; x_wconf 88' lang='lat' dir='ltr'><strong>Documentum,</strong></span> <span class='ocrx_word' id='word_1_148' title='bbox 1070 2233 1174 2284; x_wconf 92' lang='lat' dir='ltr'><strong>quo</strong></span> <span class='ocrx_word' id='word_1_149' title='bbox 1195 2217 1325 2270; x_wconf 81' lang='lat' dir='ltr'><strong>fides</strong></span> <span class='ocrx_word' id='word_1_150' title='bbox 1342 2217 1404 2270; x_wconf 91' lang='lat' dir='ltr'><strong>fit</strong></span> <span class='ocrx_word' id='word_1_151' title='bbox 1425 2217 1654 2285; x_wconf 87' lang='lat' dir='ltr'><strong>aliquem</strong></span> <span class='ocrx_word' id='word_1_152' title='bbox 1677 2217 1743 2269; x_wconf 88' lang='lat' dir='ltr'><strong>ad</strong></span> <span class='ocrx_word' id='word_1_153' title='bbox 1765 2215 1990 2286; x_wconf 88' lang='lat' dir='ltr'><strong>primam</strong></span> 
     </span>
     <span class='ocr_line' id='line_1_23' title="bbox 431 2304 1989 2374; baseline 0 -17"><span class='ocrx_word' id='word_1_154' title='bbox 431 2305 849 2358; x_wconf 90' lang='lat' dir='ltr'><strong>communionem</strong></span> <span class='ocrx_word' id='word_1_155' title='bbox 873 2305 1157 2368; x_wconf 87' lang='lat' dir='ltr'><strong>accessisse,</strong></span> <span class='ocrx_word' id='word_1_156' title='bbox 1173 2305 1377 2359; x_wconf 88' lang='lat' dir='ltr'><strong>admitti</strong></span> <span class='ocrx_word' id='word_1_157' title='bbox 1398 2311 1569 2374; x_wconf 89' lang='lat' dir='ltr'><strong>potest</strong></span> <span class='ocrx_word' id='word_1_158' title='bbox 1586 2305 1729 2359; x_wconf 87' lang='lat' dir='ltr'><strong>velut</strong></span> <span class='ocrx_word' id='word_1_159' title='bbox 1751 2304 1989 2374; x_wconf 87' lang='lat' dir='ltr'><strong>probatio</strong></span> 
     </span>
     <span class='ocr_line' id='line_1_24' title="bbox 430 2392 1989 2463; baseline 0.001 -18"><span class='ocrx_word' id='word_1_160' title='bbox 430 2392 750 2462; x_wconf 85' lang='lat' dir='ltr'><strong>suppletoria</strong></span> <span class='ocrx_word' id='word_1_161' title='bbox 772 2411 866 2446; x_wconf 88' lang='lat' dir='ltr'><strong>seu</strong></span> <span class='ocrx_word' id='word_1_162' title='bbox 887 2394 1255 2463; x_wconf 73' lang='lat' dir='ltr'><strong>praesumptiva</strong></span> <span class='ocrx_word' id='word_1_163' title='bbox 1268 2395 1463 2463; x_wconf 87' lang='lat' dir='ltr'><strong>recepti</strong></span> <span class='ocrx_word' id='word_1_164' title='bbox 1474 2394 1807 2463; x_wconf 88' lang='lat' dir='ltr'><strong>Baptismatis</strong></span> <span class='ocrx_word' id='word_1_165' title='bbox 1819 2414 1833 2456; x_wconf 89' lang='lat'>;</span> <span class='ocrx_word' id='word_1_166' title='bbox 1860 2399 1989 2447; x_wconf 86' lang='lat' dir='ltr'><strong>atta-</strong></span> 
     </span>
     <span class='ocr_line' id='line_1_25' title="bbox 427 2481 1989 2551; baseline 0.001 -17"><span class='ocrx_word' id='word_1_167' title='bbox 427 2497 553 2534; x_wconf 86' lang='lat' dir='ltr'><strong>men</strong></span> <span class='ocrx_word' id='word_1_168' title='bbox 573 2481 631 2534; x_wconf 91' lang='lat' dir='ltr'><strong>in</strong></span> <span class='ocrx_word' id='word_1_169' title='bbox 674 2499 798 2535; x_wconf 86' lang='lat' dir='ltr'><strong>casu</strong></span> <span class='ocrx_word' id='word_1_170' title='bbox 820 2488 1025 2536; x_wconf 89' lang='lat' dir='ltr'><strong>tantum</strong></span> <span class='ocrx_word' id='word_1_171' title='bbox 1046 2499 1151 2551; x_wconf 91' lang='lat' dir='ltr'><strong>quo</strong></span> <span class='ocrx_word' id='word_1_172' title='bbox 1186 2483 1368 2536; x_wconf 87' lang='lat' dir='ltr'><strong>haberi</strong></span> <span class='ocrx_word' id='word_1_173' title='bbox 1391 2500 1599 2551; x_wconf 89' lang='lat' dir='ltr'><strong>prorsus</strong></span> <span class='ocrx_word' id='word_1_174' title='bbox 1632 2488 1858 2550; x_wconf 89' lang='lat' dir='ltr'><strong>nequeat</strong></span> <span class='ocrx_word' id='word_1_175' title='bbox 1880 2498 1989 2535; x_wconf 93' lang='lat' dir='ltr'><strong>cer-</strong></span> 
     </span>
     <span class='ocr_line' id='line_1_26' title="bbox 428 2569 1984 2640; baseline 0 -17"><span class='ocrx_word' id='word_1_176' title='bbox 428 2569 535 2624; x_wconf 89' lang='lat' dir='ltr'><strong>tius</strong></span> <span class='ocrx_word' id='word_1_177' title='bbox 559 2587 621 2623; x_wconf 89' lang='lat' dir='ltr'><strong>ea</strong></span> <span class='ocrx_word' id='word_1_178' title='bbox 638 2570 705 2623; x_wconf 91' lang='lat' dir='ltr'><strong>de</strong></span> <span class='ocrx_word' id='word_1_179' title='bbox 738 2588 795 2624; x_wconf 90' lang='lat' dir='ltr'><strong>re</strong></span> <span class='ocrx_word' id='word_1_180' title='bbox 811 2571 1195 2633; x_wconf 88' lang='lat' dir='ltr'><strong>documentum,</strong></span> <span class='ocrx_word' id='word_1_181' title='bbox 1231 2588 1291 2624; x_wconf 87' lang='lat' dir='ltr'><strong>ac</strong></span> <span class='ocrx_word' id='word_1_182' title='bbox 1317 2571 1553 2640; x_wconf 91' lang='lat' dir='ltr'><strong>probatio</strong></span> <span class='ocrx_word' id='word_1_183' title='bbox 1584 2571 1749 2640; x_wconf 84' lang='lat' dir='ltr'><strong>magis</strong></span> <span class='ocrx_word' id='word_1_184' title='bbox 1772 2571 1984 2623; x_wconf 80' lang='lat' dir='ltr'><strong>directa·</strong></span> 
     </span>
     <span class='ocr_line' id='line_1_27' title="bbox 427 2658 1987 2729; baseline -0.001 -17"><span class='ocrx_word' id='word_1_185' title='bbox 427 2658 576 2712; x_wconf 87' lang='lat' dir='ltr'><strong>Hinc</strong></span> <span class='ocrx_word' id='word_1_186' title='bbox 598 2658 755 2713; x_wconf 89' lang='lat' dir='ltr'><strong>etiam</strong></span> <span class='ocrx_word' id='word_1_187' title='bbox 779 2659 1023 2729; x_wconf 87' lang='lat' dir='ltr'><strong>Episcopi</strong></span> <span class='ocrx_word' id='word_1_188' title='bbox 1046 2665 1324 2729; x_wconf 86' lang='lat' dir='ltr'><strong>agnoscent</strong></span> <span class='ocrx_word' id='word_1_189' title='bbox 1362 2664 1557 2727; x_wconf 89' lang='lat' dir='ltr'><strong>quanta</strong></span> <span class='ocrx_word' id='word_1_190' title='bbox 1574 2659 1858 2729; x_wconf 88' lang='lat' dir='ltr'><strong>diligentia,</strong></span> <span class='ocrx_word' id='word_1_191' title='bbox 1897 2675 1987 2711; x_wconf 91' lang='lat' dir='ltr'><strong>an·</strong></span> 
     </span>
     <span class='ocr_line' id='line_1_28' title="bbox 428 2748 1986 2817; baseline -0.001 -16"><span class='ocrx_word' id='word_1_192' title='bbox 428 2752 640 2816; x_wconf 86' lang='lat' dir='ltr'><strong>tequam</strong></span> <span class='ocrx_word' id='word_1_193' title='bbox 662 2748 843 2802; x_wconf 88' lang='lat' dir='ltr'><strong>fideles</strong></span> <span class='ocrx_word' id='word_1_194' title='bbox 867 2750 933 2801; x_wconf 87' lang='lat' dir='ltr'><strong>ad</strong></span> <span class='ocrx_word' id='word_1_195' title='bbox 952 2748 1173 2817; x_wconf 89' lang='lat' dir='ltr'><strong>primam</strong></span> <span class='ocrx_word' id='word_1_196' title='bbox 1195 2749 1609 2801; x_wconf 89' lang='lat' dir='ltr'><strong>communionem</strong></span> <span class='ocrx_word' id='word_1_197' title='bbox 1629 2748 1986 2810; x_wconf 83' lang='lat' dir='ltr'><strong>admittantur,</strong></span> 
     </span>
     <span class='ocr_line' id='line_1_29' title="bbox 428 2835 1988 2906; baseline 0.001 -17"><span class='ocrx_word' id='word_1_198' title='bbox 428 2835 653 2892; x_wconf 85' lang='lat' dir='ltr'><strong>Parochi</strong></span> <span class='ocrx_word' id='word_1_199' title='bbox 692 2854 784 2890; x_wconf 89' lang='lat' dir='ltr'><strong>seu</strong></span> <span class='ocrx_word' id='word_1_200' title='bbox 803 2837 1122 2891; x_wconf 88' lang='lat' dir='ltr'><strong>Missionarii</strong></span> <span class='ocrx_word' id='word_1_201' title='bbox 1156 2837 1291 2890; x_wconf 89' lang='lat' dir='ltr'><strong>circa</strong></span> <span class='ocrx_word' id='word_1_202' title='bbox 1323 2837 1591 2906; x_wconf 89' lang='lat' dir='ltr'><strong>Baptisma</strong></span> <span class='ocrx_word' id='word_1_203' title='bbox 1613 2837 1797 2890; x_wconf 89' lang='lat' dir='ltr'><strong>iisdem</strong></span> <span class='ocrx_word' id='word_1_204' title='bbox 1835 2837 1988 2897; x_wconf 86' lang='lat' dir='ltr'><strong>colla·</strong></span> 
     </span>
     <span class='ocr_line' id='line_1_30' title="bbox 427 2925 1987 2994; baseline -0.001 -13"><span class='ocrx_word' id='word_1_205' title='bbox 427 2929 545 2981; x_wconf 77' lang='lat' dir='ltr'><strong>tum</strong></span> <span class='ocrx_word' id='word_1_206' title='bbox 566 2926 828 2994; x_wconf 89' lang='lat' dir='ltr'><strong>inquirere</strong></span> <span class='ocrx_word' id='word_1_207' title='bbox 851 2927 1099 2981; x_wconf 88' lang='lat' dir='ltr'><strong>debeant:</strong></span> <span class='ocrx_word' id='word_1_208' title='bbox 1137 2931 1262 2980; x_wconf 90' lang='lat' dir='ltr'><strong>tunc</strong></span> <span class='ocrx_word' id='word_1_209' title='bbox 1283 2926 1421 2979; x_wconf 91' lang='lat' dir='ltr'><strong>enim</strong></span> <span class='ocrx_word' id='word_1_210' title='bbox 1434 2933 1637 2979; x_wconf 88' lang='lat' dir='ltr'><strong>tantum</strong></span> <span class='ocrx_word' id='word_1_211' title='bbox 1657 2925 1894 2979; x_wconf 84' lang='lat' dir='ltr'><strong>admissio</strong></span> <span class='ocrx_word' id='word_1_212' title='bbox 1919 2927 1987 2979; x_wconf 87' lang='lat' dir='ltr'><strong>ad</strong></span> 
     </span>
     <span class='ocr_line' id='line_1_31' title="bbox 439 3014 1988 3086; baseline 0.001 -18"><span class='ocrx_word' id='word_1_213' title='bbox 439 3014 1151 3086; x_wconf 85' lang='lat' dir='ltr'><strong>Eucharistiam,suppletorio</strong></span> <span class='ocrx_word' id='word_1_214' title='bbox 1173 3016 1690 3085; x_wconf 89' lang='lat' dir='ltr'><strong>mod0,receptionem</strong></span> <span class='ocrx_word' id='word_1_215' title='bbox 1708 3015 1988 3084; x_wconf 81' lang='lat' dir='ltr'><strong>baptisma-</strong></span> 
     </span>
    </p>
   </div>
   <div class='ocr_carea' id='block_1_5' title="bbox 0 3461 2580 3536">
    <p class='ocr_par' dir='ltr' id='par_1_7' title="bbox 0 3461 2580 3536">
     <span class='ocr_line' id='line_1_32' title="bbox 0 3461 2580 3536; baseline 0 0"><span class='ocrx_word' id='word_1_216' title='bbox 0 3461 2580 3536; x_wconf 95' lang='lat' dir='ltr'><strong> </strong></span> 
     </span>
    </p>
   </div>
   <div class='ocr_carea' id='block_1_6' title="bbox 2556 0 2580 52">
    <p class='ocr_par' dir='ltr' id='par_1_8' title="bbox 2556 0 2580 52">
     <span class='ocr_line' id='line_1_33' title="bbox 2556 0 2580 52; baseline 0 3484"><span class='ocrx_word' id='word_1_217' title='bbox 2556 0 2580 52; x_wconf 95' lang='lat' dir='ltr'><strong> </strong></span> 
     </span>
    </p>
   </div>
  </div>
 </body>
</html>
