2600 3536
1194 329 1553 368 PROVINCIALE
1585 333 1620 368 1.
2148 324 2215 377 73

679 451 1064 521 dijudicandum
1086 451 1219 506 circa
1239 454 1376 507 diem
1398 455 1783 523 praefiniendam
1803 475 1894 527 pro
1915 458 2045 514 festo
2069 462 2216 515 Puri-

677 540 798 593 tatis
813 540 873 592 B.
897 540 971 592 M.
990 541 1057 594 V.
1079 542 1326 611 rescripta
1348 559 1439 611 pro
1451 544 1652 612 integro
1677 546 1894 614 supplici
1915 548 2103 613 libelle,
2123 569 2218 604 suo

677 634 924 696 tempore,
946 629 1226 682 tradentur.
1267 631 1671 700 significandum
1694 634 1891 687 interea
1915 643 1993 688 est
2014 636 2139 691 festa
2163 639 2213 692 S.

679 716 873 769 Hilarii
894 717 1232 772 Pictaviensis
1257 721 1352 771 sub
1376 720 1480 772 ritu
1500 721 1709 788 duplici,
1735 722 1783 774 S.
1821 723 2076 776 Antonini
2093 726 2219 779 item

678 805 773 857 sub
798 807 976 857 eodem
1000 806 1121 869 ritu,
1167 808 1530 860 Pretiosissimi
1578 809 1851 878 Sanguinis
1893 813 1957 864 D.
1985 813 2050 864 N.
2079 814 2127 867 J.
2156 815 2215 867 C.

676 894 816 962 dupl.
840 898 888 947 2.
916 894 1087 946 classis
1108 896 1384 948 Dominica
1420 901 1460 949 1.
1487 897 1522 948 J
1524 897 1631 960 ulii,
1653 898 1859 967 Septem
1883 900 2131 955 Dolorum
2153 903 2215 955 B.

675 983 748 1035 M.
776 983 845 1036 V.
869 983 1011 1051 dupl.
1038 984 1204 1052 majus
1220 984 1370 1036 Dom.
1410 988 1441 1036 3
1482 984 1810 1052 Septembris„
1840 988 1948 1056 jam
1984 1006 2077 1057 pro
2101 990 2216 1043 uni-

673 1088 821 1125 versa
839 1070 1069 1123 Ecclesia
1087 1071 1262 1140 vigere
1280 1089 1373 1140 per
1396 1073 1614 1134 decreta,
1638 1079 1699 1126 ut
1717 1074 1974 1142 inquiunt,
1994 1078 2134 1131 urbis
2158 1084 2212 1131 et

678 1159 829 1211 orbis.

747 1248 982 1299 Examen
1005 1248 1188 1300 deinde
1210 1248 1344 1300 circa
1384 1249 1662 1301 Decretum
1683 1250 1778 1302 VI.
1803 1251 1862 1303 de
1885 1253 2084 1305 Rimata·
2114 1254 2216 1307 fuit

675 1335 987 1399 institutum,
1030 1338 1199 1403 quoad
1219 1337 1372 1389 etiam
1394 1337 1678 1389 additiones
1700 1338 2026 1402 inducendaS,
2048 1359 2104 1393 ac
2125 1360 2216 1394 no-

675 1442 792 1478 vam
809 1425 1047 1477 editionis
1064 1424 1294 1477 formam.
1350 1426 1506 1476 Porro
1531 1442 1647 1477 cum
1666 1427 1880 1479 dubium
1897 1430 2215 1497 propositum

675 1513 783 1566 EE.
809 1513 915 1566 PP.
937 1512 1109 1574 fuerit,
1129 1530 1253 1565 num
1275 1515 1553 1566 Decretum
1594 1513 1726 1566 illud
1748 1515 1845 1567 VI.
1868 1517 2069 1570 admitti
2103 1533 2218 1586 pos-

676 1608 770 1665 snt,
794 1619 995 1654 necnon
1015 1602 1224 1655 Rituale
1240 1619 1357 1653 cum
1377 1602 1830 1665 exhortationibus,
1873 1605 2214 1658 translationi·

676 1693 776 1743 bus
818 1708 884 1743 ex
906 1690 1067 1743 latino
1086 1690 1143 1741 in
1165 1690 1396 1758 vulgaria
1430 1689 1689 1752 idiomata,
1709 1691 1956 1758 novisque
1978 1693 2215 1746 benedic-

676 1779 903 1832 tionibus
929 1796 1021 1846 per
1040 1779 1227 1847 Epum‚
1252 1779 1440 1830 Prince
1464 1778 1725 1841 exhibitis,
1742 1797 1801 1831 ac
1818 1780 1972 1848 juxta
1989 1781 2216 1849 proposi-

675 1873 783 1923 tam
806 1867 1232 1930 distributionem,
1249 1867 1463 1920 EE.PP.
1480 1867 1889 1934 respondendum
1904 1874 2216 1921 censuerunt

674 1954 1129 2024 affirmativdjuoeta
1147 1955 1338 2008 modum
1359 1956 1422 2007 ab
1446 1956 1588 2007 Em0.
1616 1955 1847 2006 Relatore
1865 1958 2165 2024 propositum
2189 1975 2215 2015 ;

675 2061 862 2112 nempe
884 2045 941 2097 in
965 2044 1317 2097 exhortatione
1336 2043 1568 2096 facienda
1582 2049 1857 2110 antequam
1872 2043 2071 2097 omissae
2090 2045 2215 2113 bap-

673 2132 893 2186 tismatis
932 2133 1248 2185 caeremoniae
1271 2131 1622 2201 suppleantur,
1647 2131 1915 2201 adjiciatur
1937 2132 2214 2200 explicatio

672 2223 804 2274 ritus
848 2239 951 2289 quo
975 2238 1124 2274 aures
1148 2228 1200 2274 et
1222 2238 1372 2273 nares
1394 2220 1643 2288 baptizati
1666 2237 1696 2271 a
1720 2220 1978 2272 sacerdote
2000 2226 2215 2288 tangan-

674 2316 776 2363 tur.
848 2310 1083 2362 Delenda
1103 2310 1200 2362 erit
1220 2310 1423 2377 integra
1442 2306 1729 2359 exhortatio
1745 2307 1878 2359 circa
1892 2307 2215 2361 matrimonia

673 2399 855 2462 mixta,
874 2416 993 2450 oum
1008 2397 1332 2450 matrimonia
1345 2396 1639 2466 hujusmodi
1652 2395 1880 2447 Ecclesia
1895 2397 2032 2464 aegre
2045 2396 2214 2449 admo-

676 2488 802 2540 dum
837 2486 1091 2548 admittat‚
1114 2492 1166 2538 et
1185 2488 1248 2539 ab
1292 2486 1472 2537 iisdem
1499 2484 1640 2536 omni
1664 2500 1760 2552 ope
1796 2485 1971 2536 fideles
2001 2490 2209 2538 avertat.

675 2577 742 2629 In
757 2576 983 2629 Ritualis
997 2576 1150 2628 titulo
1165 2575 1377 2629 tollatur
1391 2572 1711 2642 Approbante
1731 2570 1860 2624 Smo.
1878 2573 2027 2634 Duo„
2039 2589 2213 2639 quem-

674 2667 952 2720 admodum
975 2672 1027 2718 et
1046 2665 1147 2717 alia
1170 2681 1288 2732 quae
1326 2667 1612 2730 sequuntur
1653 2666 1768 2729 post
1788 2661 1998 2712 verbum
2016 2660 2215 2713 editum.

676 2754 1114 2825 Interrogationes
1132 2752 1379 2806 faciendae
1400 2751 1456 2803 in
1479 2751 1676 2803 admne.
1715 2748 2039 2816 Baptismatis
2062 2749 2213 2801 edan-

674 2850 762 2898 tur
785 2850 838 2898 et
858 2845 989 2898 fiant
1004 2843 1165 2898 latino
1204 2842 1463 2903 idiomate,
1507 2840 1648 2892 haud
1690 2838 1844 2893 vetito
1867 2844 2039 2890 tamen
2074 2836 2215 2905 quod

674 2934 878 3003 vulgari
919 2933 1164 2986 idiomate
1198 2931 1363 2999 repeti
1385 2929 1603 2991 valeant,
1626 2945 1743 2980 oum
1779 2932 2124 2995 opportunum
2139 2925 2217 2981 vi-

677 3023 861 3078 deatur
879 3029 941 3076 ut
963 3021 1147 3075 melius
1163 3020 1531 3090 intelligantur.

2538 1687 2564 1710 ,vn-,1
