2600 3632
493 388 562 439 50
1010 405 1297 441 conLmM
1334 406 1666 445 QUEBECENSE

488 529 711 595 publicis
731 550 744 591 ;
800 547 859 582 ac
900 530 973 583 ita
1010 530 1265 598 quidquid
1309 531 1549 594 dixerint,
1598 517 1713 586 miti
1762 537 2034 589 verborum

488 619 775 687 prolatione
818 626 1121 687 temperent,
1162 628 1222 671 ut
1244 637 1338 671 nec
1376 619 1642 672 audientes
1688 623 2030 688 offendantur,

487 725 585 762 nec
609 716 745 760 recta
761 708 944 778 judicii
964 708 1098 759 acies
1119 708 1415 775 perturbato
1440 707 1610 760 animo
1633 708 1942 765 inflectatur.

557 797 776 865 Insuper
810 797 921 864 ipsa
957 796 1190 863 Synodus
1214 794 1442 847 decernit
1476 813 1535 847 ac
1556 796 1781 851 declarat
1808 803 1949 867 quod
1985 803 2028 856 si

485 883 619 938 forte
642 884 913 952 contigerit
947 884 1145 950 aliquos
1165 884 1338 935 debito
1361 884 1416 935 in
1445 883 1556 936 loco
1575 902 1681 937 non
1702 888 1895 951 sedere,
1920 891 2026 945 sive

483 974 540 1025 in
561 973 882 1034 sessionibuS,
904 972 1011 1023 sive
1053 973 1108 1023 in
1131 973 1629 1042 congregationibus,
1666 976 1799 1028 nulli
1820 985 2023 1048 propte-

482 1080 572 1116 rea
594 1061 949 1131 praejudicium
972 1067 1265 1130 generetur,
1282 1061 1517 1129 nullique
1537 1080 1728 1116 novum
1743 1065 1830 1134 jus
1851 1069 2023 1136 acqui-

477 1157 634 1204 ratur.
656 1151 678 1221 (
689 1150 831 1202 Oonc.
861 1150 995 1202 Trid.
1028 1154 1102 1203 16.
1124 1149 1200 1220 2.)
1227 1151 1292 1202 In
1309 1150 1672 1218 qualicumque-
1689 1154 1826 1206 enim
1842 1157 2021 1210 ordine

476 1239 697 1308 quisque
721 1245 1016 1307 compareat
1040 1245 1090 1290 et
1109 1239 1297 1302 sedeat,
1314 1240 1437 1309 jura
1451 1239 1590 1292 illius
1607 1241 1747 1293 salva
1770 1260 1881 1296 esse
1905 1246 2020 1300 vult

473 1329 720 1398 SynoduS.

545 1421 767 1471 Demum
792 1416 1045 1470 universis
1069 1417 1159 1484 qui
1173 1416 1294 1486 jure
1314 1417 1483 1469 vocati
1506 1418 1571 1469 ad
1593 1418 1692 1470 hoc
1726 1420 2014 1475 Concilium

470 1508 784 1578 provinciale
808 1514 1172 1568 convenerunt,
1196 1506 1251 1556 in
1274 1505 1465 1557 virtute
1489 1512 1680 1560 sanctae
1705 1509 2013 1564 obedientiae

465 1598 718 1666 praecipit,
739 1615 805 1648 ne
830 1603 1106 1662 antequam
1127 1594 1394 1646 dimissum
1414 1593 1585 1657 fuerit,
1601 1595 1862 1649 discedere
1884 1613 2012 1666 prae-

466 1693 685 1748 sumant,
709 1685 811 1737 nisi
833 1685 898 1736 ob
923 1682 1279 1735 rationabilem
1305 1700 1526 1746 causam,
1548 1682 1900 1753 facultateque
1926 1704 2010 1755 pe-

463 1775 562 1827 tita
581 1782 630 1827 et
650 1777 860 1827 obtenta
879 1791 910 1825 a
933 1773 1175 1824 Patribus
1192 1792 1205 1833 ;
1245 1778 1296 1823 et
1310 1771 1521 1839 insuper
1537 1789 1623 1824 eos
1644 1790 1820 1826 omnes
1839 1775 2009 1828 horta-

463 1871 552 1917 tur
586 1871 642 1916 ut
663 1864 906 1914 diurnum
949 1861 1153 1913 vivendi
1195 1861 1442 1920 ordinem,
1466 1861 1521 1912 in
1545 1861 1712 1929 prima
1732 1880 2007 1933 congrega·-

460 1954 604 2007 tione
652 1951 882 2021 generali
918 1950 1301 2019 promulgatum
1361 1957 1413 2001 et
1472 1955 1738 2013 statutum,
1784 1953 2006 2006 fideliter

459 2049 798 2108 exequantur.

785 2166 831 2215 3.
860 2163 1119 2216 Decretum
1139 2161 1198 2212 de
1217 2161 1519 2229 professione
1519 2160 1665 2229 fidei.

527 2308 658 2361 Cum
675 2308 802 2359 fides
821 2306 1029 2358 initium
1050 2306 1117 2358 sit
1136 2312 1188 2357 et
1207 2304 1601 2357 fundamentum
1622 2306 1816 2370 salutiS,
1844 2314 2000 2376 atque

450 2398 589 2450 inter
610 2413 786 2465 omnes
806 2395 1072 2463 pastoralis
1094 2394 1248 2445 officii
1268 2394 1655 2455 sollicitudines,
1690 2396 1780 2448 illa
1803 2398 2003 2465 potissi-

449 2504 593 2538 mum
640 2485 806 2553 prima
847 2500 957 2535 csse
1002 2484 1202 2545 debeat,
1241 2489 1301 2534 ut
1345 2482 1472 2534 fides
1523 2482 1792 2547 catholica,
1842 2503 1997 2553 quam

448 2576 634 2628 Sancta
671 2573 906 2624 Romana
931 2571 1161 2623 Ecclesia
1197 2577 1341 2623 tenet
1369 2582 1421 2623 et
1445 2571 1582 2634 colit,
1604 2572 1904 2642 incorrupta
1937 2576 1995 2627 in

444 2665 543 2717 hac
566 2662 828 2732 provincia
866 2662 1174 2729 integraque
1213 2666 1528 2727 permaneat,
1554 2666 1607 2713 et
1652 2678 1829 2714 omnes
1852 2661 1996 2715 illam

444 2770 626 2822 puram
668 2750 1026 2817 illibatamque
1070 2749 1391 2810 custodiant;
1429 2766 1522 2801 nos
1566 2749 1624 2800 in
1661 2749 1759 2802 hac
1799 2753 1994 2820 synodo

442 2839 744 2911 provinciali
765 2839 889 2891 hinc
910 2839 1166 2907 praecipue
1192 2838 1459 2890 exordium
1504 2829 1749 2891 duximus
1774 2846 1835 2892 ut
1858 2858 1992 2893 eam-

442 2932 558 2983 dem
575 2936 802 2982 sanctam
818 2935 873 2980 et
892 2927 1193 2980 catholicam
1210 2927 1366 2978 fidem
1388 2944 1543 2993 quam
1560 2929 1712 2980 corde
1733 2928 1989 2982 credimus

440 3038 546 3074 una
589 3020 691 3071 oris
738 3016 1054 3070 confessione
1104 3017 1447 3086 profiteamur.
1521 3017 1781 3076 Quocirca
1826 3035 1992 3072 sacro-

434 3109 601 3164 sancti
640 3106 947 3162 oecumenici
989 3106 1210 3160 Concilii
1248 3106 1539 3159 Tridentini
1585 3107 1805 3162 decretis
1827 3107 1988 3163 inhae-
