<?xml version="1.0" encoding="UTF-8"?>
<!DOCTYPE html PUBLIC "-//W3C//DTD XHTML 1.0 Transitional//EN"
    "http://www.w3.org/TR/xhtml1/DTD/xhtml1-transitional.dtd">
<html xmlns="http://www.w3.org/1999/xhtml" xml:lang="en" lang="en">
 <head>
  <title>
</title>
<meta http-equiv="Content-Type" content="text/html;charset=utf-8" />
  <meta name='ocr-system' content='tesseract 3.04.00' />
  <meta name='ocr-capabilities' content='ocr_page ocr_carea ocr_par ocr_line ocrx_word'/>
</head>
<body>
  <div class='ocr_page' id='page_1' title='image "./cihm_22335_0035.png"; bbox 0 0 2600 3600; ppageno 0'>
   <div class='ocr_carea' id='block_1_1' title="bbox 431 353 1607 416">
    <p class='ocr_par' dir='ltr' id='par_1_1' title="bbox 431 353 1607 416">
     <span class='ocr_line' id='line_1_1' title="bbox 431 353 1607 416; baseline 0.004 -9"><span class='ocrx_word' id='word_1_1' title='bbox 431 353 500 407; x_wconf 85' lang='lat'><strong>30</strong></span> <span class='ocrx_word' id='word_1_2' title='bbox 948 373 1237 411; x_wconf 61' lang='lat' dir='ltr'><strong>cononum</strong></span> <span class='ocrx_word' id='word_1_3' title='bbox 1274 375 1607 416; x_wconf 66' lang='lat' dir='ltr'><strong>Qunnncnusn</strong></span> 
     </span>
    </p>
   </div>
   <div class='ocr_carea' id='block_1_2' title="bbox 428 493 1979 658">
    <p class='ocr_par' dir='ltr' id='par_1_2' title="bbox 428 493 1979 658">
     <span class='ocr_line' id='line_1_2' title="bbox 501 493 1979 566; baseline 0.005 -19"><span class='ocrx_word' id='word_1_4' title='bbox 501 493 723 566; x_wconf 77' lang='lat' dir='ltr'><strong>Legitur</strong></span> <span class='ocrx_word' id='word_1_5' title='bbox 759 503 812 551; x_wconf 89' lang='lat' dir='ltr'><strong>et</strong></span> <span class='ocrx_word' id='word_1_6' title='bbox 834 497 1110 552; x_wconf 77' lang='lat' dir='ltr'><strong>discutitur</strong></span> <span class='ocrx_word' id='word_1_7' title='bbox 1129 499 1394 554; x_wconf 89' lang='lat' dir='ltr'><strong>decretum</strong></span> <span class='ocrx_word' id='word_1_8' title='bbox 1416 501 1477 553; x_wconf 82' lang='lat' dir='ltr'><strong>de</strong></span> <span class='ocrx_word' id='word_1_9' title='bbox 1500 500 1794 565; x_wconf 80' lang='lat' dir='ltr'><strong><em>famulabus</em></strong></span> <span class='ocrx_word' id='word_1_10' title='bbox 1819 518 1979 555; x_wconf 82' lang='lat' dir='ltr'><strong>sacer-</strong></span> 
     </span>
     <span class='ocr_line' id='line_1_3' title="bbox 428 581 1802 658; baseline 0.007 -22"><span class='ocrx_word' id='word_1_11' title='bbox 428 581 595 637; x_wconf 83' lang='lat' dir='ltr'><em>dotum</em></span> <span class='ocrx_word' id='word_1_12' title='bbox 620 590 674 638; x_wconf 89' lang='lat' dir='ltr'><strong>et</strong></span> <span class='ocrx_word' id='word_1_13' title='bbox 696 586 762 638; x_wconf 88' lang='lat' dir='ltr'><strong>ad</strong></span> <span class='ocrx_word' id='word_1_14' title='bbox 785 588 1237 658; x_wconf 81' lang='lat' dir='ltr'>congregationem</span> <span class='ocrx_word' id='word_1_15' title='bbox 1258 588 1317 641; x_wconf 76' lang='lat' dir='ltr'><strong>de</strong></span> <span class='ocrx_word' id='word_1_16' title='bbox 1339 589 1545 642; x_wconf 76' lang='lat' dir='ltr'><strong><em>decretis</em></strong></span> <span class='ocrx_word' id='word_1_17' title='bbox 1567 589 1802 645; x_wconf 87' lang='lat' dir='ltr'><strong>refertur.</strong></span> 
     </span>
    </p>
   </div>
   <div class='ocr_carea' id='block_1_3' title="bbox 428 689 1982 1015">
    <p class='ocr_par' dir='ltr' id='par_1_3' title="bbox 428 689 1982 939">
     <span class='ocr_line' id='line_1_4' title="bbox 500 689 1982 763; baseline 0.003 -19"><span class='ocrx_word' id='word_1_18' title='bbox 500 689 747 745; x_wconf 88' lang='lat' dir='ltr'><strong>Examini</strong></span> <span class='ocrx_word' id='word_1_19' title='bbox 783 692 999 746; x_wconf 88' lang='lat' dir='ltr'><strong>Patrum</strong></span> <span class='ocrx_word' id='word_1_20' title='bbox 1034 693 1306 763; x_wconf 88' lang='lat' dir='ltr'><strong>subjicitur</strong></span> <span class='ocrx_word' id='word_1_21' title='bbox 1329 694 1593 746; x_wconf 82' lang='lat' dir='ltr'><strong>decretum</strong></span> <span class='ocrx_word' id='word_1_22' title='bbox 1612 694 1673 746; x_wconf 84' lang='lat' dir='ltr'><strong>de</strong></span> <span class='ocrx_word' id='word_1_23' title='bbox 1709 695 1982 748; x_wconf 72' lang='lat' dir='ltr'><strong>obedientia</strong></span> 
     </span>
     <span class='ocr_line' id='line_1_5' title="bbox 430 775 1982 847; baseline 0.004 -15"><span class='ocrx_word' id='word_1_24' title='bbox 430 775 631 833; x_wconf 75' lang='lat' dir='ltr'><strong>Summo</strong></span> <span class='ocrx_word' id='word_1_25' title='bbox 654 780 895 847; x_wconf 80' lang='lat' dir='ltr'><strong>Pontifici</strong></span> <span class='ocrx_word' id='word_1_26' title='bbox 927 787 980 834; x_wconf 94' lang='lat' dir='ltr'><strong>et</strong></span> <span class='ocrx_word' id='word_1_27' title='bbox 1002 780 1297 834; x_wconf 83' lang='lat' dir='ltr'><strong>definitivus</strong></span> <span class='ocrx_word' id='word_1_28' title='bbox 1317 781 1460 834; x_wconf 87' lang='lat' dir='ltr'><strong>illius</strong></span> <span class='ocrx_word' id='word_1_29' title='bbox 1494 787 1765 836; x_wconf 83' lang='lat' dir='ltr'><strong>contextus</strong></span> <span class='ocrx_word' id='word_1_30' title='bbox 1799 784 1982 838; x_wconf 87' lang='lat' dir='ltr'><strong>admit-</strong></span> 
     </span>
     <span class='ocr_line' id='line_1_6' title="bbox 428 865 1567 939; baseline 0.001 -17"><span class='ocrx_word' id='word_1_31' title='bbox 428 865 560 922; x_wconf 80' lang='lat' dir='ltr'><strong>titur</strong></span> <span class='ocrx_word' id='word_1_32' title='bbox 577 867 971 937; x_wconf 79' lang='lat' dir='ltr'><strong>proclamandus</strong></span> <span class='ocrx_word' id='word_1_33' title='bbox 992 868 1050 920; x_wconf 91' lang='lat' dir='ltr'><strong>in</strong></span> <span class='ocrx_word' id='word_1_34' title='bbox 1073 869 1296 922; x_wconf 74' lang='lat' dir='ltr'>sessione</span> <span class='ocrx_word' id='word_1_35' title='bbox 1314 869 1567 939; x_wconf 83' lang='lat' dir='ltr'><strong>proxima.</strong></span> 
     </span>
    </p>

    <p class='ocr_par' dir='ltr' id='par_1_4' title="bbox 500 955 1749 1015">
     <span class='ocr_line' id='line_1_7' title="bbox 500 955 1749 1015; baseline 0.004 -7"><span class='ocrx_word' id='word_1_36' title='bbox 500 955 804 1015; x_wconf 78' lang='lat' dir='ltr'><strong>Quadrante</strong></span> <span class='ocrx_word' id='word_1_37' title='bbox 826 962 948 1010; x_wconf 88' lang='lat' dir='ltr'><strong>ante</strong></span> <span class='ocrx_word' id='word_1_38' title='bbox 971 956 1242 1010; x_wconf 83' lang='lat' dir='ltr'><strong>meridiem</strong></span> <span class='ocrx_word' id='word_1_39' title='bbox 1266 958 1536 1012; x_wconf 85' lang='lat' dir='ltr'><strong>discedunt</strong></span> <span class='ocrx_word' id='word_1_40' title='bbox 1552 959 1749 1013; x_wconf 74' lang='lat' dir='ltr'><strong>Patres.</strong></span> 
     </span>
    </p>
   </div>
   <div class='ocr_carea' id='block_1_4' title="bbox 825 1079 1594 1151">
    <p class='ocr_par' dir='ltr' id='par_1_5' title="bbox 825 1079 1594 1151">
     <span class='ocr_line' id='line_1_8' title="bbox 825 1079 1594 1151; baseline 0.004 -19"><span class='ocrx_word' id='word_1_41' title='bbox 825 1079 1012 1139; x_wconf 77' lang='lat' dir='ltr'><strong>Octava</strong></span> <span class='ocrx_word' id='word_1_42' title='bbox 1044 1080 1362 1151; x_wconf 70' lang='lat' dir='ltr'><strong>Gonyreqatio</strong></span> <span class='ocrx_word' id='word_1_43' title='bbox 1383 1083 1594 1151; x_wconf 79' lang='lat' dir='ltr'><strong>privata.</strong></span> 
     </span>
    </p>
   </div>
   <div class='ocr_carea' id='block_1_5' title="bbox 429 1202 1984 2172">
    <p class='ocr_par' dir='ltr' id='par_1_6' title="bbox 429 1202 1984 1451">
     <span class='ocr_line' id='line_1_9' title="bbox 500 1202 1984 1278; baseline 0.003 -22"><span class='ocrx_word' id='word_1_44' title='bbox 500 1202 652 1256; x_wconf 88' lang='lat' dir='ltr'><strong>Hora</strong></span> <span class='ocrx_word' id='word_1_45' title='bbox 685 1203 841 1257; x_wconf 87' lang='lat' dir='ltr'><strong>tertia</strong></span> <span class='ocrx_word' id='word_1_46' title='bbox 858 1210 978 1273; x_wconf 87' lang='lat' dir='ltr'><strong>post</strong></span> <span class='ocrx_word' id='word_1_47' title='bbox 1012 1204 1299 1268; x_wconf 82' lang='lat' dir='ltr'><strong>meridiem,</strong></span> <span class='ocrx_word' id='word_1_48' title='bbox 1337 1203 1469 1259; x_wconf 86' lang='lat' dir='ltr'><strong>feria</strong></span> <span class='ocrx_word' id='word_1_49' title='bbox 1493 1212 1693 1273; x_wconf 89' lang='lat' dir='ltr'><strong>quarta,</strong></span> <span class='ocrx_word' id='word_1_50' title='bbox 1735 1205 1820 1259; x_wconf 91' lang='lat' dir='ltr'><strong>die</strong></span> <span class='ocrx_word' id='word_1_51' title='bbox 1839 1206 1984 1278; x_wconf 83' lang='lat' dir='ltr'><strong>vige·</strong></span> 
     </span>
     <span class='ocr_line' id='line_1_10' title="bbox 429 1290 1978 1363; baseline 0.003 -19"><span class='ocrx_word' id='word_1_52' title='bbox 429 1290 573 1345; x_wconf 88' lang='lat' dir='ltr'><strong>sima·</strong></span> <span class='ocrx_word' id='word_1_53' title='bbox 592 1292 838 1362; x_wconf 86' lang='lat' dir='ltr'><strong>Augusti,</strong></span> <span class='ocrx_word' id='word_1_54' title='bbox 884 1292 1076 1346; x_wconf 78' lang='lat' dir='ltr'><strong>adsunt</strong></span> <span class='ocrx_word' id='word_1_55' title='bbox 1109 1309 1288 1346; x_wconf 86' lang='lat' dir='ltr'><strong>omnes</strong></span> <span class='ocrx_word' id='word_1_56' title='bbox 1322 1293 1522 1355; x_wconf 85' lang='lat' dir='ltr'><strong>Patres,</strong></span> <span class='ocrx_word' id='word_1_57' title='bbox 1547 1293 1777 1363; x_wconf 84' lang='lat' dir='ltr'><strong>exceptis</strong></span> <span class='ocrx_word' id='word_1_58' title='bbox 1810 1294 1978 1349; x_wconf 84' lang='lat' dir='ltr'><strong>Rmis.</strong></span> 
     </span>
     <span class='ocr_line' id='line_1_11' title="bbox 429 1379 1661 1451; baseline -0.002 -14"><span class='ocrx_word' id='word_1_59' title='bbox 429 1379 904 1451; x_wconf 86' lang='lat' dir='ltr'><strong>Carolinopolitano</strong></span> <span class='ocrx_word' id='word_1_60' title='bbox 927 1386 981 1434; x_wconf 84' lang='lat' dir='ltr'><strong>et</strong></span> <span class='ocrx_word' id='word_1_61' title='bbox 999 1379 1358 1437; x_wconf 62' lang='lat' dir='ltr'><strong>Terrae-Novae</strong></span> <span class='ocrx_word' id='word_1_62' title='bbox 1377 1380 1661 1450; x_wconf 88' lang='lat' dir='ltr'><strong>Episcopis.</strong></span> 
     </span>
    </p>

    <p class='ocr_par' dir='ltr' id='par_1_7' title="bbox 498 1468 1734 1541">
     <span class='ocr_line' id='line_1_12' title="bbox 498 1468 1734 1541; baseline 0 -18"><span class='ocrx_word' id='word_1_63' title='bbox 498 1468 718 1540; x_wconf 80' lang='lat' dir='ltr'><strong>Legitur</strong></span> <span class='ocrx_word' id='word_1_64' title='bbox 738 1468 920 1525; x_wconf 88' lang='lat' dir='ltr'><strong>relatio</strong></span> <span class='ocrx_word' id='word_1_65' title='bbox 942 1468 1281 1539; x_wconf 86' lang='lat' dir='ltr'><strong>praecedentis</strong></span> <span class='ocrx_word' id='word_1_66' title='bbox 1305 1469 1734 1541; x_wconf 84' lang='lat' dir='ltr'><strong>congregationis.</strong></span> 
     </span>
    </p>

    <p class='ocr_par' dir='ltr' id='par_1_8' title="bbox 429 1557 1981 1715">
     <span class='ocr_line' id='line_1_13' title="bbox 499 1557 1981 1627; baseline 0.001 -16"><span class='ocrx_word' id='word_1_67' title='bbox 499 1557 823 1613; x_wconf 86' lang='lat' dir='ltr'><strong>Examinatis</strong></span> <span class='ocrx_word' id='word_1_68' title='bbox 881 1575 913 1611; x_wconf 91' lang='lat' dir='ltr'><strong>a</strong></span> <span class='ocrx_word' id='word_1_69' title='bbox 965 1557 1213 1612; x_wconf 83' lang='lat' dir='ltr'><strong>Patribus</strong></span> <span class='ocrx_word' id='word_1_70' title='bbox 1247 1558 1450 1611; x_wconf 90' lang='lat' dir='ltr'><strong>duobus</strong></span> <span class='ocrx_word' id='word_1_71' title='bbox 1486 1557 1704 1612; x_wconf 84' lang='lat' dir='ltr'><strong>decretis</strong></span> <span class='ocrx_word' id='word_1_72' title='bbox 1742 1574 1860 1627; x_wconf 84' lang='lat' dir='ltr'><strong>quae</strong></span> <span class='ocrx_word' id='word_1_73' title='bbox 1905 1575 1981 1613; x_wconf 87' lang='lat' dir='ltr'><strong>se-</strong></span> 
     </span>
     <span class='ocr_line' id='line_1_14' title="bbox 429 1645 922 1715; baseline -0.004 -16"><span class='ocrx_word' id='word_1_74' title='bbox 429 1652 663 1715; x_wconf 88' lang='lat' dir='ltr'><strong>quuntur</strong></span> <span class='ocrx_word' id='word_1_75' title='bbox 695 1645 922 1701; x_wconf 86' lang='lat' dir='ltr'><strong>scilicet:</strong></span> 
     </span>
    </p>

    <p class='ocr_par' dir='ltr' id='par_1_9' title="bbox 671 1752 1357 1881">
     <span class='ocr_line' id='line_1_15' title="bbox 674 1752 1357 1804; baseline 0 -5"><span class='ocrx_word' id='word_1_76' title='bbox 674 1754 852 1800; x_wconf 81' lang='lat' dir='ltr'><strong>1.—De</strong></span> <span class='ocrx_word' id='word_1_77' title='bbox 871 1752 1055 1800; x_wconf 72' lang='lat' dir='ltr'><strong>casibus</strong></span> <span class='ocrx_word' id='word_1_78' title='bbox 1075 1754 1321 1799; x_wconf 77' lang='lat' dir='ltr'><strong>reservatis</strong></span> <span class='ocrx_word' id='word_1_79' title='bbox 1341 1772 1357 1804; x_wconf 85' lang='lat'><strong>,-</strong></span> 
     </span>
     <span class='ocr_line' id='line_1_16' title="bbox 671 1831 1251 1881; baseline 0.003 -2"><span class='ocrx_word' id='word_1_80' title='bbox 671 1836 775 1879; x_wconf 76' lang='grc'><strong>2.-</strong></span> <span class='ocrx_word' id='word_1_81' title='bbox 782 1832 852 1879; x_wconf 82' lang='lat' dir='ltr'><strong>De</strong></span> <span class='ocrx_word' id='word_1_82' title='bbox 870 1832 1035 1878; x_wconf 74' lang='lat' dir='ltr'><strong>scholis</strong></span> <span class='ocrx_word' id='word_1_83' title='bbox 1050 1831 1215 1877; x_wconf 73' lang='lat' dir='ltr'><strong>mixtis</strong></span> <span class='ocrx_word' id='word_1_84' title='bbox 1234 1849 1251 1881; x_wconf 90' lang='lat'><em>;</em></span> 
     </span>
    </p>

    <p class='ocr_par' dir='ltr' id='par_1_10' title="bbox 430 1924 1982 2084">
     <span class='ocr_line' id='line_1_17' title="bbox 498 1924 1981 1995; baseline 0.001 -17"><span class='ocrx_word' id='word_1_85' title='bbox 498 1926 781 1980; x_wconf 86' lang='lat' dir='ltr'><strong>Definitive</strong></span> <span class='ocrx_word' id='word_1_86' title='bbox 826 1942 1006 1979; x_wconf 80' lang='lat' dir='ltr'><strong>eorum</strong></span> <span class='ocrx_word' id='word_1_87' title='bbox 1040 1931 1314 1979; x_wconf 87' lang='lat' dir='ltr'><strong>contextus</strong></span> <span class='ocrx_word' id='word_1_88' title='bbox 1358 1925 1425 1978; x_wconf 88' lang='lat' dir='ltr'><strong>ab</strong></span> <span class='ocrx_word' id='word_1_89' title='bbox 1462 1924 1535 1977; x_wconf 89' lang='lat' dir='ltr'><strong>eis</strong></span> <span class='ocrx_word' id='word_1_90' title='bbox 1578 1926 1894 1995; x_wconf 84' lang='lat' dir='ltr'><strong>approbatur</strong></span> <span class='ocrx_word' id='word_1_91' title='bbox 1927 1931 1981 1981; x_wconf 92' lang='lat' dir='ltr'><strong>et</strong></span> 
     </span>
     <span class='ocr_line' id='line_1_18' title="bbox 430 2012 1982 2084; baseline 0 -15"><span class='ocrx_word' id='word_1_92' title='bbox 430 2031 609 2070; x_wconf 89' lang='lat' dir='ltr'><strong>eorum</strong></span> <span class='ocrx_word' id='word_1_93' title='bbox 627 2014 963 2084; x_wconf 82' lang='lat' dir='ltr'><strong>proclamatio</strong></span> <span class='ocrx_word' id='word_1_94' title='bbox 978 2014 1036 2066; x_wconf 91' lang='lat' dir='ltr'><strong>in</strong></span> <span class='ocrx_word' id='word_1_95' title='bbox 1055 2013 1280 2067; x_wconf 86' lang='lat' dir='ltr'><strong>sessione</strong></span> <span class='ocrx_word' id='word_1_96' title='bbox 1294 2012 1535 2083; x_wconf 85' lang='lat' dir='ltr'><strong>proxima</strong></span> <span class='ocrx_word' id='word_1_97' title='bbox 1550 2013 1767 2084; x_wconf 89' lang='lat' dir='ltr'><strong>jubetur</strong></span> <span class='ocrx_word' id='word_1_98' title='bbox 1780 2014 1982 2069; x_wconf 88' lang='lat' dir='ltr'><strong>haberi.</strong></span> 
     </span>
    </p>

    <p class='ocr_par' dir='ltr' id='par_1_11' title="bbox 499 2102 1371 2172">
     <span class='ocr_line' id='line_1_19' title="bbox 499 2102 1371 2172; baseline -0.003 -15"><span class='ocrx_word' id='word_1_99' title='bbox 499 2102 649 2157; x_wconf 87' lang='lat' dir='ltr'><strong>Hora</strong></span> <span class='ocrx_word' id='word_1_100' title='bbox 669 2103 854 2172; x_wconf 90' lang='lat' dir='ltr'><strong>quinta</strong></span> <span class='ocrx_word' id='word_1_101' title='bbox 879 2103 1154 2157; x_wconf 86' lang='lat' dir='ltr'><strong>discedunt</strong></span> <span class='ocrx_word' id='word_1_102' title='bbox 1176 2102 1371 2155; x_wconf 85' lang='lat' dir='ltr'><strong>Patres.</strong></span> 
     </span>
    </p>
   </div>
   <div class='ocr_carea' id='block_1_6' title="bbox 786 2224 1628 2294">
    <p class='ocr_par' dir='ltr' id='par_1_12' title="bbox 786 2224 1628 2294">
     <span class='ocr_line' id='line_1_20' title="bbox 786 2224 1628 2294; baseline -0.004 -14"><span class='ocrx_word' id='word_1_103' title='bbox 786 2225 976 2287; x_wconf 77' lang='lat' dir='ltr'><strong>Quinta</strong></span> <span class='ocrx_word' id='word_1_104' title='bbox 1020 2226 1338 2294; x_wconf 69' lang='lat' dir='ltr'><strong>Gonqrqqatio</strong></span> <span class='ocrx_word' id='word_1_105' title='bbox 1366 2224 1628 2293; x_wconf 62' lang='lat' dir='ltr'><strong>generalia</strong></span> 
     </span>
    </p>
   </div>
   <div class='ocr_carea' id='block_1_7' title="bbox 428 2347 1989 3130">
    <p class='ocr_par' dir='ltr' id='par_1_13' title="bbox 429 2347 1988 2774">
     <span class='ocr_line' id='line_1_21' title="bbox 502 2347 1988 2418; baseline -0.001 -16"><span class='ocrx_word' id='word_1_106' title='bbox 502 2350 660 2402; x_wconf 91' lang='lat' dir='ltr'><strong>Anno</strong></span> <span class='ocrx_word' id='word_1_107' title='bbox 694 2349 970 2405; x_wconf 81' lang='lat' dir='ltr'><strong>millesimo</strong></span> <span class='ocrx_word' id='word_1_108' title='bbox 991 2349 1420 2418; x_wconf 88' lang='lat' dir='ltr'><strong>octingentesimo</strong></span> <span class='ocrx_word' id='word_1_109' title='bbox 1436 2347 1864 2418; x_wconf 86' lang='lat' dir='ltr'><strong>quinquagesimo</strong></span> <span class='ocrx_word' id='word_1_110' title='bbox 1882 2348 1988 2418; x_wconf 88' lang='lat' dir='ltr'><strong>pri-</strong></span> 
     </span>
     <span class='ocr_line' id='line_1_22' title="bbox 430 2436 1986 2506; baseline 0.001 -16"><span class='ocrx_word' id='word_1_111' title='bbox 430 2454 515 2491; x_wconf 92' lang='lat' dir='ltr'><strong>mo</strong></span> <span class='ocrx_word' id='word_1_112' title='bbox 552 2436 683 2491; x_wconf 85' lang='lat' dir='ltr'><strong>feria</strong></span> <span class='ocrx_word' id='word_1_113' title='bbox 700 2444 903 2506; x_wconf 87' lang='lat' dir='ltr'><strong>quarta,</strong></span> <span class='ocrx_word' id='word_1_114' title='bbox 962 2437 1049 2490; x_wconf 88' lang='lat' dir='ltr'><strong>die</strong></span> <span class='ocrx_word' id='word_1_115' title='bbox 1072 2437 1323 2506; x_wconf 84' lang='lat' dir='ltr'><strong>vigesima</strong></span> <span class='ocrx_word' id='word_1_116' title='bbox 1357 2437 1604 2506; x_wconf 83' lang='lat' dir='ltr'><strong>Augusti,</strong></span> <span class='ocrx_word' id='word_1_117' title='bbox 1638 2436 1768 2490; x_wconf 89' lang='lat' dir='ltr'><strong>hora</strong></span> <span class='ocrx_word' id='word_1_118' title='bbox 1803 2437 1986 2505; x_wconf 86' lang='lat' dir='ltr'><strong>quinta</strong></span> 
     </span>
     <span class='ocr_line' id='line_1_23' title="bbox 429 2524 1984 2597; baseline -0.001 -17"><span class='ocrx_word' id='word_1_119' title='bbox 429 2533 547 2597; x_wconf 90' lang='lat' dir='ltr'><strong>post</strong></span> <span class='ocrx_word' id='word_1_120' title='bbox 581 2526 868 2590; x_wconf 87' lang='lat' dir='ltr'><strong>meridiem,</strong></span> <span class='ocrx_word' id='word_1_121' title='bbox 904 2525 1221 2582; x_wconf 87' lang='lat' dir='ltr'><strong>conveniunt</strong></span> <span class='ocrx_word' id='word_1_122' title='bbox 1243 2526 1427 2580; x_wconf 84' lang='lat' dir='ltr'><strong>Patres</strong></span> <span class='ocrx_word' id='word_1_123' title='bbox 1449 2525 1505 2577; x_wconf 88' lang='lat' dir='ltr'><strong>in</strong></span> <span class='ocrx_word' id='word_1_124' title='bbox 1526 2524 1640 2578; x_wconf 88' lang='lat' dir='ltr'><strong>loco</strong></span> <span class='ocrx_word' id='word_1_125' title='bbox 1661 2525 1827 2589; x_wconf 80' lang='lat' dir='ltr'><strong>solite,</strong></span> <span class='ocrx_word' id='word_1_126' title='bbox 1864 2543 1984 2580; x_wconf 88' lang='lat' dir='ltr'><strong>cum</strong></span> 
     </span>
     <span class='ocr_line' id='line_1_24' title="bbox 430 2614 1984 2687; baseline -0.002 -15"><span class='ocrx_word' id='word_1_127' title='bbox 430 2615 686 2687; x_wconf 87' lang='lat' dir='ltr'><strong>theologis</strong></span> <span class='ocrx_word' id='word_1_128' title='bbox 721 2622 775 2671; x_wconf 89' lang='lat' dir='ltr'><strong>et</strong></span> <span class='ocrx_word' id='word_1_129' title='bbox 797 2615 1059 2671; x_wconf 85' lang='lat' dir='ltr'><strong>officiariis</strong></span> <span class='ocrx_word' id='word_1_130' title='bbox 1078 2614 1297 2669; x_wconf 88' lang='lat' dir='ltr'><strong>Concilii</strong></span> <span class='ocrx_word' id='word_1_131' title='bbox 1319 2615 1386 2668; x_wconf 87' lang='lat' dir='ltr'><strong>ad</strong></span> <span class='ocrx_word' id='word_1_132' title='bbox 1406 2614 1641 2683; x_wconf 84' lang='lat' dir='ltr'><strong>quintam</strong></span> <span class='ocrx_word' id='word_1_133' title='bbox 1665 2615 1984 2686; x_wconf 80' lang='lat' dir='ltr'><strong>congregati-</strong></span> 
     </span>
     <span class='ocr_line' id='line_1_25' title="bbox 431 2704 1245 2774; baseline -0.004 -16"><span class='ocrx_word' id='word_1_134' title='bbox 431 2722 583 2759; x_wconf 91' lang='lat' dir='ltr'><strong>onem</strong></span> <span class='ocrx_word' id='word_1_135' title='bbox 618 2704 916 2774; x_wconf 80' lang='lat' dir='ltr'><strong>generalem</strong></span> <span class='ocrx_word' id='word_1_136' title='bbox 939 2704 1245 2759; x_wconf 88' lang='lat' dir='ltr'><strong>habendam.</strong></span> 
     </span>
    </p>

    <p class='ocr_par' dir='ltr' id='par_1_14' title="bbox 428 2791 1989 2937">
     <span class='ocr_line' id='line_1_26' title="bbox 502 2791 1989 2863; baseline -0.001 -16"><span class='ocrx_word' id='word_1_137' title='bbox 502 2794 749 2863; x_wconf 87' lang='lat' dir='ltr'><strong>Sequitur</strong></span> <span class='ocrx_word' id='word_1_138' title='bbox 806 2794 990 2849; x_wconf 88' lang='lat' dir='ltr'><strong>relatio</strong></span> <span class='ocrx_word' id='word_1_139' title='bbox 1047 2792 1385 2863; x_wconf 81' lang='lat' dir='ltr'><strong>proecedentis</strong></span> <span class='ocrx_word' id='word_1_140' title='bbox 1431 2791 1841 2862; x_wconf 86' lang='lat' dir='ltr'><strong>congregationis</strong></span> <span class='ocrx_word' id='word_1_141' title='bbox 1899 2809 1989 2862; x_wconf 90' lang='lat' dir='ltr'><strong>ge-</strong></span> 
     </span>
     <span class='ocr_line' id='line_1_27' title="bbox 428 2882 565 2937; baseline -0.007 0"><span class='ocrx_word' id='word_1_142' title='bbox 428 2882 565 2937; x_wconf 88' lang='lat' dir='ltr'><strong>ralis.</strong></span> 
     </span>
    </p>

    <p class='ocr_par' dir='ltr' id='par_1_15' title="bbox 502 2971 1254 3042">
     <span class='ocr_line' id='line_1_28' title="bbox 502 2971 1254 3042; baseline -0.003 -17"><span class='ocrx_word' id='word_1_143' title='bbox 502 2971 777 3042; x_wconf 90' lang='lat' dir='ltr'><strong>Leguntur</strong></span> <span class='ocrx_word' id='word_1_144' title='bbox 801 2977 856 3026; x_wconf 89' lang='lat' dir='ltr'><strong>et</strong></span> <span class='ocrx_word' id='word_1_145' title='bbox 873 2971 1254 3025; x_wconf 85' lang='lat' dir='ltr'><strong>discutiuntur:</strong></span> 
     </span>
    </p>

    <p class='ocr_par' dir='ltr' id='par_1_16' title="bbox 505 3056 1985 3130">
     <span class='ocr_line' id='line_1_29' title="bbox 505 3056 1985 3130; baseline -0.003 -16"><span class='ocrx_word' id='word_1_146' title='bbox 505 3060 865 3115; x_wconf 80' lang='lat' dir='ltr'><strong>1.—-Secunda</strong></span> <span class='ocrx_word' id='word_1_147' title='bbox 905 3059 1089 3115; x_wconf 87' lang='lat' dir='ltr'><strong>relatio</strong></span> <span class='ocrx_word' id='word_1_148' title='bbox 1146 3058 1560 3130; x_wconf 87' lang='lat' dir='ltr'><strong>congregationis</strong></span> <span class='ocrx_word' id='word_1_149' title='bbox 1617 3057 1677 3112; x_wconf 81' lang='lat' dir='ltr'><strong>de</strong></span> <span class='ocrx_word' id='word_1_150' title='bbox 1715 3056 1985 3130; x_wconf 58' lang='lat' dir='ltr'><strong>dzkczsplina</strong></span> 
     </span>
    </p>
   </div>
   <div class='ocr_carea' id='block_1_8' title="bbox 0 0 2600 3600">
    <p class='ocr_par' dir='ltr' id='par_1_17' title="bbox 0 0 2600 3600">
     <span class='ocr_line' id='line_1_30' title="bbox 0 0 2600 3600; baseline 0 0"><span class='ocrx_word' id='word_1_151' title='bbox 0 0 2600 3600; x_wconf 95' lang='lat' dir='ltr'><strong> </strong></span> 
     </span>
    </p>
   </div>
  </div>
 </body>
</html>
