2560 3520
1468 350 1504 388 V

713 474 849 536 piens
872 471 1207 521 Sanctissimus
1226 470 1349 521 idem
1380 472 1633 533 Dominus,
1651 477 1875 525 referente
1893 493 1969 526 me
1988 479 2254 543 subscripto

719 549 970 599 Sacrorum
1010 549 1209 599 Rituu'm
1247 548 1641 614 Congregationis
1678 555 1935 613 secretario,
1969 555 2175 621 benig-ne
2200 559 2253 605 in

714 627 936 676 omnibus
953 629 1135 689 annuit,
1155 630 1470 693 praecepitque
1501 640 1556 679 ut
1575 629 1795 693 deinceps
1815 630 1875 679 ab
1910 640 2105 695 utroque
2129 634 2254 684 clero

719 705 852 754 urbis
886 714 935 755 et
955 706 1081 756 orbis
1102 707 1191 756 sub
1212 709 1308 755 ritu
1341 706 1473 770 dupl.
1506 723 1600 757 sec.
1619 708 1783 757 classis
1803 697 2090 772 persolvatur
2114 712 2256 761 offici-

714 801 797 833 um
811 786 1054 848 proprium
1069 802 1177 834 cum
1198 787 1344 834 missa
1355 785 1613 834 Patrocinii
1629 785 1792 836 Sancti
1811 787 1844 835 J
1845 788 2006 850 oseph,
2014 788 2253 840 dominica

713 867 853 912 tertia
888 873 995 925 post
1014 863 1212 922 Pascha,
1232 879 1327 926 qua
1345 863 1572 926 impedita
1605 864 1697 912 alio
1727 864 1877 913 officio
1905 866 2095 928 potioris
2135 867 2254 917 ritus

718 941 796 989 vel
810 942 1003 1004 majoris
1023 942 1273 1004 dig-nitatis
1291 941 1505 1001 indulsit,
1524 951 1580 990 ut
1592 942 1792 990 officium
1815 943 2066 993 Patrocinii
2088 943 2137 993 S.
2173 944 2207 993 J
2207 961 2258 993 o·

714 1020 832 1082 seph
853 1018 1159 1068 transferatur
1185 1018 1247 1067 ad
1281 1021 1479 1081 primam
1507 1019 1633 1067 diem
1658 1019 1858 1068 liberam
1869 1024 2011 1084 juxta
2021 1023 2253 1072 rubricas.

713 1094 974 1145 Contrariis
986 1112 1081 1144 non
1093 1095 1391 1145 obstantibus
1400 1097 1792 1160 quibuscumque.
1808 1096 1903 1146 Die
1918 1103 1973 1146 10
1986 1110 2103 1163 sept.
2115 1104 2250 1150 184⁷.

783 1291 1030 1324 DECRETVM
1058 1293 1118 1325 DE
1147 1293 1284 1325 utro
1315 1292 1639 1324 rannoslssnm
1666 1290 1901 1323 unctum!
1930 1290 1976 1323 D.
2005 1291 2051 1323 Π.
2077 1295 2113 1328 δ’.
2141 1294 2185 1325 c.

1308 1374 1445 1423 Urbis
1462 1380 1509 1421 et
1531 1373 1681 1420 Orbis.

775 1467 1028 1531 Redempti
1054 1485 1216 1518 sumus
1247 1471 1299 1516 in
1330 1469 1394 1517 D.
1430 1468 1494 1517 N.
1524 1468 1570 1517 J.
1609 1467 1666 1516 C.
1705 1467 1947 1530 Sanguine
1978 1470 2062 1530 qui
2095 1486 2254 1519 emun-

711 1545 796 1594 dat
834 1563 921 1595 nos
948 1548 1008 1595 ab
1046 1549 1172 1595 omni
1212 1549 1480 1610 iniquitate,
1525 1556 1575 1595 et
1612 1545 1717 1593 ideo
1744 1545 1887 1605 beati,
1937 1548 2019 1608 qui
2054 1549 2105 1595 in
2164 1548 2254 1597 hoo

712 1622 878 1673 lavant
911 1625 1053 1674 stolas
1093 1642 1215 1674 suas.
1310 1624 1453 1679 Quod
1494 1625 1535 1672 si
1577 1622 1780 1686 AEgypti
1808 1623 1972 1672 domus
2007 1628 2117 1687 agni
2149 1642 2257 1675 san-

715 1703 861 1764 guine
904 1718 1182 1766 conspersae,
1215 1703 1276 1750 ab
1311 1704 1381 1751 ira
1406 1701 1519 1764 ⁴Dei
1539 1701 1907 1761 fuerunt'salvae,
1944 1703 2092 1752 multo
2103 1706 2257 1766 magis

714 1780 838 1827 hanc
858 1781 980 1827 iram
999 1782 1240 1843 effugient,
1271 1782 1367 1828 imo
1395 1790 1444 1828 et
1463 1780 1843 1829 miserationibus
1874 1790 1920 1829 et
1940 1783 2103 1843 gratiis
2121 1792 2258 1831 erunt

718 1857 903 1920 repleti,
920 1860 1003 1920 qui
1019 1859 1247 1922 peculiari
1263 1858 1510 1907 devotione
1530 1868 1577 1907 et
1596 1858 1837 1921 obsequio,
1858 1860 2096 1907 servatoris
2113 1861 2259 1908 nostri

720 1938 1000 1999 sanguinem
1021 1946 1302 1986 venerantur
1317 1947 1363 1986 et
1382 1937 1558 1985 colunt.

781 2014 906 2062 Haec
933 2015 1119 2078 aliaque
1155 2015 1426 2077 huiusmodi
1463 2017 1620 2062 animo
1650 2025 1873 2077 reputans
1904 2014 1989 2063 sS.
2021 2015 2257 2064 Dominus

721 2092 897 2142 Noster
930 2093 1061 2159 Papa
1080 2093 1197 2141 Pius
1217 2092 1313 2152 IX,
1340 2101 1394 2141 ut
1419 2092 1630 2140 fidelium
1651 2093 1803 2152 corda,
1842 2094 1969 2140 hisce
1999 2095 2256 2155 praesertim

719 2172 994 2220 miserrimis
1017 2171 1322 2233 temporibus,
1355 2171 1530 2233 quibus
1546 2172 1764 2219 inimicus
1779 2171 1920 2218 homo
1948 2172 1998 2218 in
2020 2171 2255 2220 dominico
2280 2232 2282 2236 .

721 2266 835 2313 agro
851 2251 1217 2312 superseminare
1241 2250 1490 2306 zizaniam,
1524 2258 1572 2297 et
1587 2248 1759 2297 multos
1777 2248 1977 2306 insidiis,
1996 2244 2256 2309 fraudibus,

723 2328 957 2377 erroribus
992 2328 1204 2391 decipere
1235 2337 1376 2389 atque
1402 2328 1580 2375 irretire
1611 2337 1817 2385 conatur,
1848 2342 2001 2374 amore
2031 2342 2141 2390 erga
2169 2327 2258 2375 hoc

723 2406 1057 2469 redemptionis
1078 2413 1250 2454 nost‘roe
1273 2406 1475 2467 pretium
1494 2405 1648 2466 magis
1665 2406 1910 2467 magisque
1934 2405 2198 2454 excitentur
2212 2413 2260 2453 et

723 2483 1088 2544 inflammentur,
1115 2484 1370 2544 mandavit,
1405 2494 1462 2532 ut
1481 2500 1575 2531 non
1601 2483 1752 2531 solum
1793 2484 1845 2532 in
1864 2481 2009 2542 Urbe,
2029 2484 2108 2531 sed
2139 2492 2189 2531 et
2207 2484 2260 2532 in

727 2563 856 2613 Orbe
881 2564 1113 2622 universo,
1133 2579 1295 2612 omnes
1314 2562 1372 2611 de
1405 2562 1529 2610 clero
1548 2571 1650 2611 tum
1669 2561 1895 2620 seculari,
1916 2570 2015 2609 tum
2033 2560 2254 2623 regulari,

726 2644 810 2706 qui
828 2643 968 2691 horas
984 2643 1234 2691 canonicas
1264 2642 1457 2690 recitare
1478 2649 1713 2698 tenentur,
1743 2639 1939 2687 Missam
1959 2648 2007 2686 et
2040 2637 2260 2687 Officium

725 2722 785 2771 de
804 2722 1140 2786 pretiosissimo
1171 2721 1413 2784 Sanguine
1446 2718 1508 2768 D.
1532 2718 1593 2767 N.
1616 2718 1648 2767 J
1650 2734 1732 2767 esu
1752 2717 1944 2778 Christi,
1971 2721 2071 2780 jam
2093 2717 2259 2765 Sacro-

722 2817 829 2850 rum
848 2800 1048 2849 Rituum
1069 2798 1444 2863 congregatione
1457 2796 1778 2861 approbatum,
1798 2805 1846 2845 et
1863 2795 2076 2859 pluribus
2088 2795 2260 2844 dioece-

726 2879 859 2930 sibus
892 2892 1184 2938 concessum,
1204 2877 1464 2927 Dominica
1492 2877 1645 2940 prima
1672 2874 1793 2938 julii,
1818 2873 2017 2936 singulis
2046 2874 2186 2921 annis
2210 2871 2265 2920 in

724 2969 983 3024 posterum,
1010 2958 1100 3007 sub
1133 2959 1230 3007 ritu
1259 2956 1465 3021 duplicis
1500 2954 1716 3005 secunde
1745 2953 1907 3003 classis
1937 2967 2158 3016 peragere
2183 2966 2264 2999 va-

723 3039 868 3088 leant.
