2600 3616
534 398 606 451 36
978 408 1262 446 common
1300 408 1632 447 Qunnnonnsn

864 534 1169 587 Duodecima
1197 533 1515 603 Conyreyatio
1530 535 1747 603 privata.

606 640 705 694 Die
741 639 1016 702 dominica,
1055 640 1300 709 vigesima
1341 646 1525 706 quarta
1555 639 1793 707 Augusti,
1817 640 1946 693 hora
1965 657 2075 709 sep-

534 730 662 785 tima
697 747 816 784 oum
855 729 1068 781 dimidia
1093 734 1211 780 ante
1233 727 1516 789 meridiem,
1541 727 1853 780 conveniunt
1876 729 2070 782 Patres.

607 819 876 888 Leguntur
901 824 953 870 et
977 817 1316 869 admittuntur
1346 821 1459 868 acta
1479 815 1889 884 congregationis
1912 817 2075 885 priva-

535 915 604 962 tae
628 913 678 960 et
701 904 1116 974 congregationis
1136 903 1387 973 generalis
1409 904 1830 972 praecedentium.

604 996 684 1048 De
707 994 1039 1047 facultatibus
1063 1010 1093 1045 a
1115 992 1164 1045 S.
1192 992 1322 1045 Sede
1346 992 1636 1045 obtinendis
1655 1010 1749 1062 pro
1768 993 2076 1061 praesulibus

531 1083 811 1154 provinciae
834 1080 1187 1134 ecclesiasticae
1211 1082 1276 1133 de
1311 1098 1442 1133 novo
1463 1081 1635 1150 agitur
1653 1082 1790 1134 inter
1808 1082 2004 1147 Patres,
2023 1088 2077 1136 et

532 1189 732 1226 summa
752 1169 1050 1223 earumdem
1072 1170 1295 1222 finaliter
1313 1171 1614 1223 adm1ttitur.

589 1258 967 1313 'Discutiuntur
991 1258 1254 1311 sententiae
1277 1259 1511 1328 theologr
1521 1276 1633 1312 rum
1649 1261 1812 1313 circa:

613 1348 878 1402 l.—-Nova
910 1347 1094 1400 Officia
1113 1347 1414 1399 Sanctorum
1438 1347 1743 1400 Calendario
1766 1349 2000 1401 addenda
2022 1368 2037 1410 ;

605 1436 942 1490 2.—Modum
967 1434 1256 1487 celebrandi
1278 1436 1524 1503 quasdam
1544 1436 1847 1494 Sanctorum
1886 1436 2078 1490 festivi-

530 1530 663 1579 tates
685 1545 700 1588 3

601 1613 671 1666 Et
691 1613 966 1666 instruitur
992 1612 1321 1682 congregatio
1344 1612 1403 1664 de
1424 1612 1629 1665 decretis
1652 1614 1859 1667 decreta
1880 1630 2080 1683 praepa·

531 1718 646 1755 rare
666 1701 724 1753 in
746 1701 829 1754 his
848 1701 1052 1753 duobus
1067 1701 1326 1770 subjecti&

601 1790 750 1843 Hora
772 1806 909 1842 nona
932 1789 1205 1841 discedunt
1229 1788 1422 1841 Patrem

917 1896 1071 1949 Nona
1103 1895 1422 1964 Conyreyatio
1440 1895 1702 1963 ,qeneralia

602 2002 759 2056 Anno
783 2001 998 2055 Domini
1016 2001 1287 2054 millesimo
1307 2002 1731 2071 octingentesimo
1762 2001 2081 2071 quinquage-

530 2089 659 2144 simo
677 2090 860 2160 primo,
896 2090 983 2142 die
1004 2090 1274 2153 dominica,
1309 2090 1557 2159 vigesima
1603 2096 1787 2157 quarta
1832 2090 2079 2160 Augusti,

530 2184 715 2248 quazta
732 2178 860 2231 hora
883 2184 1002 2246 post
1021 2179 1305 2241 meridiem,
1341 2178 1689 2231 interfuerunt
1734 2179 1931 2247 Patres,
1964 2179 2079 2232 looo

531 2268 696 2331 solito,
732 2284 849 2320 oum
869 2266 1125 2337 theologis
1148 2272 1201 2320 et
1238 2266 1509 2325 officiariis,
1545 2267 1611 2319 ad
1654 2267 1947 2320 habendam
1988 2285 2081 2321 no-

530 2374 651 2411 nam
669 2356 1120 2425 congregationem
1143 2356 1451 2425 generalem.

602 2446 690 2498 Fit-
712 2445 894 2499 relatio
918 2444 1259 2512 praecedentis
1284 2444 1697 2514 congregationis
1715 2443 1983 2513 generalis.

604 2533 954 2586 Continuatur
996 2532 1240 2584 discussio
1289 2533 1461 2600 quoad
1500 2539 1707 2587 aetatem
1749 2531 2077 2594 famularum,

529 2639 748 2685 necnon,
772 2626 1045 2690 parentum
1068 2620 1278 2674 feminei
1302 2640 1455 2675 sexus
1481 2641 1596 2690 quae
1612 2623 1667 2674 in
1686 2624 1922 2676 domibus
1941 2641 2081 2692 pres-

532 2714 828 2782 byterorum
852 2712 1041 2780 degere
1064 2717 1291 2779 possunt.

815 2818 1029 2871 Decima
1053 2819 1195 2869 &ertia
1244 2817 1560 2886 Congreqatio
1575 2819 1791 2886 privata.

600 2925 751 2978 Hora
768 2941 907 2977 nona
931 2941 1050 2977 oum
1073 2924 1286 2977 dimidia
1308 2934 1432 2977 ante
1444 2924 1727 2987 meridiem,
1751 2923 1880 2976 feria
1900 2939 2084 2977 secun·

528 3015 610 3079 da,
647 3015 732 3066 die
760 3013 1010 3084 vigesima
1032 3013 1214 3081 quinta
1248 3013 1492 3083 Augusti,
1528 3014 1716 3067 adsunt
1757 3030 1933 3066 omnes
1979 3013 2082 3068 Pa-

529 3110 651 3159 tres.
