2600 3568
440 341 514 397 26
892 361 1178 399 cononum
1218 362 1552 403 Qunszcmssr:

442 503 521 559 sio
537 504 697 558 finem
733 522 840 559 non
858 505 1058 559 habens
1076 505 1134 558 in
1156 505 1294 559 dicta
1335 506 1750 579 congregatione,
1775 508 1843 562 ad
1864 508 1996 564 ulte-

442 592 634 647 riorem
654 594 1108 665 congregationem
1136 594 1433 649 remittitur.

513 682 667 737 Hora
687 688 849 747 sexta,
872 690 992 752 post
1011 699 1206 753 preces,
1230 683 1419 736 desinit
1442 684 1791 753 congregatio.

822 791 1026 852 Quarta
1054 790 1376 861 Congreyatio
1390 792 1611 861 privata.

515 895 669 950 'Feria
714 897 954 959 secunda,
997 896 1082 949 die
1123 897 1321 966 decima
1359 904 1540 952 octava
1579 896 1826 968 Augusti,
1867 898 1996 954 hora

443 1002 583 1039 nona
600 990 719 1039 ante
751 984 1037 1048 meridiem,
1059 986 1377 1040 conveniunt
1411 987 1608 1050 Patres,
1653 992 1872 1057 excepto
1894 988 1995 1043 Re-

443 1073 811 1129 verendissimo
829 1074 1086 1144 Episcopo
1110 1073 1601 1144 Carolinopolitano.

511 1161 788 1232 Leguntur
804 1169 921 1216 acta
942 1163 1192 1217 Sessionis
1211 1164 1394 1232 primae
1410 1180 1619 1217 necnon
1642 1165 1997 1235 congregatio·

441 1249 524 1304 nis
547 1250 762 1319 privatae
780 1252 1137 1320 praecedentiS,
1179 1270 1210 1305 a
1249 1253 1597 1321 Patribusque
1632 1254 1994 1309 admittuntur.

514 1339 706 1394 Postea
746 1357 866 1408 quae
902 1346 1192 1408 sequuntur
1228 1341 1435 1393 decreta
1457 1342 1524 1393 ab
1560 1340 1731 1394 Illm0.
1757 1360 1818 1395 ac
1842 1342 1993 1395 Rmo.

443 1428 848 1498 Archiepiscopo
883 1437 1246 1498 proponuntur
1265 1446 1298 1481 a
1322 1427 1527 1498 Synodo
1547 1430 1841 1493 sancienda,
1863 1430 1995 1484 scili-

443 1522 557 1571 cet:

506 1619 683 1667 1.—De
700 1622 1076 1679 incorporatione
1087 1617 1460 1679 presbyterorum
1476 1623 1806 1664 extraneorum
1822 1635 1836 1675 3

503 1697 684 1743 2.—1>e
698 1695 1005 1744 relationibus
1024 1712 1057 1742 a
1072 1698 1294 1756 parochis
1311 1695 1378 1742 ad
1398 1695 1957 1756 Ordinariumfaciendis
1973 1718 1991 1750 ,-

502 1775 684 1823 8.—De
697 1782 842 1822 cantu
859 1780 907 1822 et
925 1776 1106 1827 musica
1125 1776 1178 1821 in
1202 1774 1438 1821 Ecclesiic.

513 1869 752 1929 Quorum
771 1871 875 1924 duo
889 1870 1058 1939 prima
1073 1870 1140 1923 ad
1155 1868 1608 1939 congregationem
1626 1868 1687 1921 de
1709 1868 1994 1940 disciplina,

440 1958 686 2013 ultimum
703 1976 826 2014 vero
862 1959 929 2012 ad
951 1958 1402 2029 congregationem
1425 1957 1487 2010 de
1506 1957 1725 2027 liturgia,
1762 1957 1993 2013 referun-

441 2053 529 2102 tur
547 2055 820 2117 postquam
844 2067 876 2102 a
893 2048 1138 2103 Patribus
1161 2047 1457 2102 summatim
1480 2048 1697 2116 probata
1715 2054 1852 2103 sunt.

510 2137 814 2197 Quadrante
836 2143 959 2192 ante
976 2137 1248 2191 meridiem
1267 2136 1538 2189 discedunt
1560 2136 1759 2190 Patres.

821 2244 988 2298 Iertia
1017 2244 1339 2313 Oonqreyatio
1356 2243 1622 2312 qenerabszs.

510 2349 669 2402 Anno
690 2350 965 2404 millesimo
984 2348 1413 2419 octingentesimo
1433 2348 1871 2419 quinquagesimo
1892 2350 1997 2418 pri-

440 2441 552 2502 mo,
587 2437 717 2492 feria
739 2439 979 2503 secunda,
1019 2439 1104 2491 die
1127 2438 1326 2492 decima
1368 2444 1548 2491 octava
1590 2436 1838 2508 Augusti,
1870 2438 1999 2491 hora

440 2525 597 2581 tertia
618 2532 736 2597 post
757 2527 1045 2588 meridiem,
1067 2527 1382 2581 conveniunt
1399 2527 1599 2590 Patres,
1617 2527 1675 2579 in
1688 2526 1808 2580 ‘loco
1831 2526 1997 2590 solit0,

443 2632 563 2669 cum
596 2615 854 2688 theologis
892 2622 945 2671 et
979 2615 1238 2670 officiariis
1274 2606 1509 2679 Concilii‚
1545 2617 1612 2669 ad
1650 2615 1858 2670 tertiam
1880 2631 1999 2669 con-

441 2706 798 2777 gregationem
822 2705 1120 2777 generalem
1142 2706 1450 2759 habendam.

510 2795 785 2866 Leguntur
820 2801 937 2849 acta
983 2796 1223 2849 secundae
1269 2793 1683 2865 congregationis
1726 2792 1999 2864 generalis,

441 2891 558 2956 post
578 2885 863 2939 orationem
886 2885 1233 2954 praecriptam.

511 2973 786 3045 Leguntur
806 2973 965 3028 etiam
990 2978 1044 3027 et
1063 2973 1443 3027 discutiuntur:

520 3064 844 3122 l.-Relatio
867 3062 1037 3133 prima
1065 3061 1481 3133 congregationis
1513 3059 1574 3113 de
1592 3059 1774 3113 studiis
1819 3058 2001 3113 littera-
