2576 3520
443 313 516 370 80
884 329 1173 365 concmtm
1210 327 1548 369 eununcnnsn

514 502 781 535 DECRETUM
807 503 843 536 S.
867 503 1074 537 coNGle
1094 504 1157 536 DE
1179 503 1221 536 1³.
1243 502 1356 535 FIDE
1374 500 1517 534 CIRCA
1538 499 1914 535 SOLEMNITATES.

444 637 537 690 Em
558 638 814 692 audientia
834 639 995 691 SSmi.
1025 636 1190 688 habita
1208 635 1287 687 die
1308 636 1376 687 20
1384 635 1528 703 junii
1554 637 1702 689 1852.

519 778 718 831 Illmus.
767 777 1022 829 Dominus
1059 776 1251 829 Noster
1289 776 1417 828 Pius
1439 776 1631 829 Divina
1654 776 1992 830 Providentia

446 868 553 921 PP.
576 868 681 929 IX,
706 866 957 919 referente
980 884 1063 917 me
1083 864 1410 933 infrascripto
1427 864 1687 934 S.Cognis.
1706 865 1771 916 de
1791 865 1985 934 Propa-

447 957 617 1026 ganda
638 955 769 1007 Fide
777 954 1076 1017 SecretariO,
1094 971 1272 1023 preces
1287 953 1552 1022 Archiepi.
1568 954 1923 1011 Quebecensis
1941 960 1994 1008 et

446 1045 695 1112 Eporum.
740 1044 969 1113 ejusdem
989 1043 1360 1095 Ecclesiasticae
1380 1043 1661 1111 provinciae
1681 1060 1883 1094 necnon
1907 1061 1995 1097 vo-

445 1138 559 1185 tum
580 1149 641 1184 ea
664 1132 730 1184 de
743 1149 798 1183 re
814 1149 907 1199 per
922 1132 971 1184 S.
993 1131 1049 1184 O.
1073 1132 1238 1184 latum
1253 1132 1335 1183 die
1363 1133 1425 1184 10
1445 1132 1575 1183 Maii
1596 1132 1746 1194 1852,
1767 1133 1993 1201 benigne

367 1287 371 1291 ἵ
445 1220 631 1273 annuit
649 1226 712 1273 ut
743 1220 799 1272 in
823 1221 1002 1273 eadem
1029 1220 1302 1273 Provincia
1326 1237 1421 1286 pro
1444 1217 1588 1272 festis
1611 1220 2000 1274 Purificationis

444 1310 507 1362 B.
532 1309 608 1361 M.
632 1309 720 1371 V.,
763 1308 812 1361 S.
838 1308 1070 1377 Josephi,
1112 1307 1161 1361 S.
1202 1308 1420 1359 Joannis
1435 1307 1701 1376 Baptistae,
1746 1309 1996 1377 Assump-

447 1397 603 1450 tionis
650 1397 711 1449 B.
760 1397 836 1449 M.
887 1397 974 1459 V.,
1016 1396 1317 1448 Nativitatis
1343 1396 1593 1465 ejusdem,
1632 1396 1681 1448 S.
1720 1397 1997 1450 Michaelis

448 1485 783 1553 Archangeli,
823 1485 872 1537 S.
901 1486 1118 1538 Patroni
1155 1485 1239 1537 vel
1262 1485 1511 1537 Titularis
1535 1485 1884 1537 Ecclesiarum
1909 1504 1998 1555 pa-

447 1573 768 1632 rochialium,
806 1591 1027 1640 quorum
1053 1574 1348 1626 solemnitas
1397 1574 1458 1625 fit
1493 1574 1577 1625 die
1613 1574 1887 1626 Dominico
1924 1592 2001 1626 se-

449 1660 652 1729 quenti;
690 1667 815 1714 tunc
862 1661 1062 1715 etiamsi
1077 1669 1312 1715 occurrat
1328 1662 1602 1715 Dominica
1617 1663 1855 1717 secundae
1876 1663 2002 1716 clas-

449 1749 535 1811 sis,
557 1750 612 1800 in
637 1750 836 1803 cunctis
856 1751 1102 1805 Ecclesiis
1116 1751 1272 1804 missa
1289 1757 1340 1804 et
1355 1767 1583 1819 vesperae
1599 1752 1849 1804 solemnes
1872 1771 1930 1804 ac
1956 1753 2001 1805 si

450 1837 559 1889 dies
578 1839 815 1906 proprius
837 1846 983 1901 esset,
1004 1846 1318 1909 peragantur
1357 1840 1543 1892 additis
1562 1840 1626 1893 iis
1662 1858 1779 1908 quae
1806 1842 1869 1892 de
1893 1841 2000 1893 ritu

450 1932 571 1979 sunt
608 1928 1212 1981 commemorationibus:
1249 1929 1305 1981 in
1330 1928 1576 1981 Ecclesiis
1613 1946 1734 1982 vero
1768 1929 1860 1980 ubi
1893 1946 2000 1980 non

448 2015 738 2067 celebratur
776 2017 930 2069 missa
975 2035 1092 2069 cum
1117 2024 1289 2080 cantu,
1327 2036 1434 2070 una
1452 2018 1605 2069 missa
1639 2018 1702 2069 de
1739 2018 2002 2085 praedictis

448 2102 590 2156 festis
615 2121 734 2155 cum
754 2105 858 2156 suis
881 2106 1160 2173 respective
1190 2106 1758 2159 commemorationibus
1779 2107 2002 2159 celebre-

449 2198 551 2254 tur,
576 2198 730 2259 prout
752 2193 886 2245 circa
908 2193 1093 2246 festum
1112 2195 1494 2263 Assumptionis
1515 2196 1573 2248 B.
1599 2196 1672 2247 M.
1701 2194 1764 2248 V.
1789 2213 1880 2263 per
1901 2213 2002 2247 res-

451 2281 675 2348 criptum
700 2282 800 2332 diei
829 2284 893 2335 13
918 2284 1039 2334 maii
1072 2284 1201 2336 1819
1227 2285 1487 2351 provisum
1537 2282 1719 2336 fuerat.
1794 2285 1858 2335 Id
1879 2303 2001 2337 vero

452 2369 707 2420 Sanctitas
748 2388 839 2421 sua
878 2372 1094 2424 indulsit
1133 2373 1400 2424 contrariis
1438 2373 1848 2440 quibuscumque
1894 2391 2002 2425 non

450 2458 788 2510 obstantibus,

522 2547 641 2597 Dat.
671 2547 853 2601 Romae
879 2567 942 2599 ex
963 2550 1053 2600 a2d.
1078 2551 1123 2600 d.
1154 2551 1200 2600 S.
1228 2550 1284 2601 G.
1310 2551 1373 2601 de
1416 2550 1474 2601 P.
1500 2550 1643 2607 Fide,
1684 2550 1767 2600 die
1792 2557 1843 2602 et
1863 2567 2000 2602 anno

453 2635 640 2702 quibus
662 2652 830 2703 supra.

544 2724 721 2776 Gratis
769 2725 880 2778 sine
937 2727 1043 2778 ulla
1109 2726 1316 2777 omnino
1379 2726 1631 2778 solutione
1674 2743 2001 2794 quocumque

450 2812 612 2864 titulo.

662 2900 749 2971 [L.
794 2901 871 2971 S.]
1368 2905 1463 2955 Aa.
1506 2904 1785 2964 Brumno,

1622 2991 1673 3043 A
1700 2992 1923 3044 Secretz'S.
