2000 3344
272 286 300 338 ί
303 283 504 347 Sequens
520 282 566 331 S.
593 283 809 346 Gonym's.
839 285 1093 332 Decretum
1108 284 1323 331 omissum
1339 290 1407 331 ece
1422 284 1454 332 ὰ
1470 286 1755 347 typoqraplto
1772 286 1826 332 in

689 364 870 424 paqina
891 365 965 420 81,
994 368 1097 421 poet
1116 364 1289 409 lineam
1313 362 1421 415 25.)

959 532 1127 545 ...-

339 672 605 707 ΒΕΟΕΕΤΠΜ
635 672 795 707 SAGRAE
828 670 1249 705 CONGREGA'HONIS
1280 672 1344 705 DE
1377 670 1581 706 PRoPnA.
1616 670 1751 706 rum.

326 791 727 852 Archiepiscopus
751 800 798 839 et
819 789 1047 853 Episcopi
1069 788 1419 838 Ecclesiasticae
1440 789 1703 838 Provinciae
1727 788 1826 837 Ca-

265 868 485 917 nadensis
526 884 609 929 per
628 867 686 916 R.
710 868 764 917 P.
782 867 845 917 D.
866 868 1105 917 Joannem
1146 867 1375 916 Carolum
1416 868 1588 916 Princo
1622 867 1826 931 Episco-

262 963 378 1009 pum
396 947 679 1009 deputatum
699 947 761 995 ad
776 947 1100 1010 Apostolicam
1122 946 1309 1005 Sedem,
1321 954 1646 1008 exposuerunt
1667 946 1823 994 reddi-

262 1035 341 1072 tus
359 1024 420 1074 ad
441 1026 774 1073 sustentandos
793 1026 1072 1088 Episcopos‚
1123 1034 1267 1087 atque
1288 1026 1350 1072 ad
1372 1024 1678 1087 Episcopalia
1708 1026 1822 1073 obe-

263 1104 392 1153 unda.
410 1104 590 1163 munia,
608 1105 842 1166 praecipue
861 1105 912 1150 in
930 1103 1238 1151 DIoecesibus
1258 1105 1491 1151 recentius
1525 1106 1693 1152 erectis
1716 1120 1821 1153 esse

243 1184 463 1246 ‘exiguos
484 1192 533 1230 et
547 1183 857 1230 communiter
875 1198 937 1229 ex
958 1181 1171 1229 fidelium
1185 1182 1363 1243 pietate
1376 1184 1646 1243 provenire5
1678 1183 1821 1230 adeo-

259 1277 352 1322 que
373 1260 703 1323 supplicarunt
723 1270 778 1309 ut
791 1270 1057 1321 opportuna
1074 1260 1237 1322 aliqua
1266 1262 1448 1308 ratione
1478 1261 1816 1322 provideretur.

260 1339 502 1387 Omnibus
538 1355 647 1386 vero
682 1340 769 1386 rite
791 1340 1035 1401 perpensis
1057 1339 1108 1386 in
1136 1339 1349 1401 generali
1381 1350 1618 1388 conventu
1651 1340 1820 1389 habito

259 1417 336 1464 die
360 1423 409 1465 [⁷
430 1418 548 1464 maii
581 1421 712 1475 1852,
744 1416 971 1466 referente
1010 1417 1144 1465 Emo.
1187 1434 1243 1466 ac
1277 1418 1473 1466 Revmo.
1499 1419 1626 1466 Dno.
1650 1418 1817 1467 Cardi-

259 1495 359 1543 nali
381 1495 628 1544 Ludovico
644 1496 860 1555 Altierio,
882 1496 1009 1544 Emi.
1050 1497 1212 1545 Patres
1234 1509 1521 1546 censuerunt
1541 1501 1817 1560 permitten-

256 1575 371 1622 dum
391 1574 760 1637 Archiepiscopo
778 1586 826 1624 et
847 1574 1097 1637 Episcopis
1122 1585 1177 1624 ut
1198 1592 1282 1638 pro
1303 1576 1487 1624 decima
1509 1587 1642 1640 parte
1664 1578 1829 1627 reddi·

258 1665 394 1701 tuum
412 1653 593 1716 singuli
610 1654 809 1702 Parochi
825 1671 910 1702 seu
925 1655 1212 1702 missionarii
1228 1656 1354 1703 vices
1372 1655 1690 1704 Parochorum
1706 1656 1816 1705 fun-

256 1743 423 1794 gentes
443 1735 625 1780 onerari
645 1735 844 1796 possint,
876 1733 1024 1781 donec
1061 1733 1198 1782 aliter
1220 1737 1247 1781 a
1270 1733 1393 1781 Sede
1412 1734 1690 1795 Apostolica
1711 1750 1818 1797 pro-

256 1811 485 1860 videatur.
551 1811 693 1861 Hanc
733 1829 843 1861 vero
873 1812 921 1859 S.
949 1812 1145 1874 Cognis.
1168 1814 1453 1860 sententiam
1491 1812 1656 1861 SSmo.
1684 1813 1825 1863 Dno.

258 1889 371 1938 Nro.
404 1890 494 1938 Pio
511 1890 653 1952 Papae
675 1890 785 1950 IX„
816 1892 878 1939 ab
898 1891 1197 1952 infrascripto
1218 1891 1430 1953 ejusdem
1454 1891 1714 1942 Secretario
1744 1911 1817 1942 re-

255 1968 420 2028 latam,
454 1969 693 2018 Sanctitas
712 1987 799 2018 sua
818 1971 1028 2033 benigne
1050 1969 1266 2030 probavit
1286 1972 1555 2034 servarique
1571 1975 1811 2036 praecepit,

258 2050 506 2097 contrariis
522 2048 901 2112 quibuscumque
922 2048 1343 2098 nonobstantibus.

319 2180 503 2229 Datum
519 2179 682 2229 Romae
723 2198 782 2229 ex
824 2180 1007 2229 aedibus
1038 2179 1086 2228 S.
1119 2179 1349 2243 Congnis.
1382 2181 1440 2229 de
1461 2181 1662 2242 Propda.
1694 2183 1813 2232 Fide

259 2259 335 2307 die
355 2266 383 2308 6
400 2261 514 2323 julii
540 2265 674 2309 1852.

378 2358 435 2404 L.
472 2358 522 2404 S.
981 2355 1138 2404 J.Pf1.
1174 2354 1327 2405 CARD.
1363 2356 1635 2417 anzonr,
1666 2361 1819 2419 Proes·

906 2513 1194 2554 nalum.

304 2580 388 2626 Fol
462 2584 492 2625 5
553 2581 648 2626 loco
825 2579 973 2627 Senis
1218 2581 1315 2637 leqe
1462 2579 1609 2627 Sam.

325 2641 355 2664 ‘⁶
442 2645 498 2687 1⁷
558 2641 589 2665 “
764 2648 1005 2689 staturunt
1251 2641 1281 2665 “
1420 2649 1705 2689 statuerunt.

329 2703 357 2726 ‘G
449 2703 480 2726 6<
557 2702 587 2727 G<
763 2718 830 2763 qu
1246 2701 1277 2726 ‘G
1448 2703 1519 2750 ui·

325 2763 354 2787 ‘⁶
428 2766 486 2810 ·21
550 2764 581 2788 “
755 2763 1121 2836 Assumptionos
1167 2791 1203 2816 τ..
1240 2763 1280 2791 “·
1379 2772 1411 2795 ⁴³²
1446 2763 1784 2835 {ssumptionim

323 2825 353 2848 “
428 2828 488 2870 26
549 2824 579 2853 “
753 2826 1071 2897 proecriptam
1151 2866 1156 2870 .
1206 2860 1216 2869 .
1242 2824 1271 2863 ’.ί
1290 2821 1304 2843 ”’
1407 2816 1756 2897 proescriptam.

324 2886 354 2909 “
429 2889 490 2931 45
551 2886 581 2910 “
756 2884 1095 2950 subcriptionis
1240 2885 1270 2910 “
1307 2889 1318 2907 ·'
1386 2885 1790 2960 ‚subscriptionis-

328 2947 357 2972 “
431 2950 486 2993 71
554 2948 584 2971 “
758 2964 852 2995 ann
1241 2947 1293 2971 “·
1408 2962 1553 2996 anuo
