2592 3536
1199 287 1550 325 rnovmcum
1574 287 1610 323 1.
2109 271 2170 323 71

639 413 786 468 tium.
860 414 1097 472 Quorum
1135 412 1396 480 auspicem
1420 411 1725 480 Nostraeque
1744 427 1867 480 erga
1886 428 1976 465 vos
1999 411 2178 482 praeci-

640 520 761 572 puae
808 502 1035 555 caritatis
1062 500 1250 571 pignus
1291 499 1621 571 adjungimus
1646 500 1991 568 Apostolicam
2021 502 2178 553 bene·

640 591 918 644 dictionem
938 609 1092 659 quam
1114 609 1181 644 ex
1195 590 1379 644 intimo
1396 590 1545 643 corde
1565 589 1917 657 depromptam
1929 587 2179 640 Vestrum

640 680 873 750 singulis,
917 680 1255 734 Venerabiles
1278 680 1500 741 Fratres,
1541 695 1659 730 cum
1685 677 1827 729 omni
1861 680 2016 729 etiam
2041 675 2180 728 clero

639 769 846 833 Vestro,
907 770 1175 836 Fidelique
1226 768 1429 836 Populo
1475 766 1947 820 communicandam
1992 764 2181 817 intimo

641 858 806 911 cordis
831 858 1017 911 affectu
1040 863 1364 925 peramanter
1382 856 1718 924 impertimur.

712 947 906 999 Datum
929 947 1110 998 Romae
1133 945 1270 1012 apud
1294 945 1342 996 S.
1364 945 1597 1004 Petrum,
1635 944 1716 995 die
1741 946 1772 997 7
1797 943 1831 994 J
1834 942 2037 995 anuarii
2076 957 2180 993 ann

648 1036 797 1097 1852,
822 1034 1157 1086 Pontificatus
1181 1032 1361 1085 Nostri
1382 1049 1514 1085 anno
1538 1032 1638 1084 VI.

1619 1137 1747 1188 Pms
1781 1136 1886 1188 PP.
1924 1136 2027 1188 IX.

729 1357 947 1391 LITTERAE
969 1358 1121 1390 SUPER
1139 1357 1502 1389 APPROBATIONE
1524 1355 1852 1389 DECRETORUM
1874 1354 2087 1387 00N01L11

1066 1450 1393 1485 PROVINCIALIS
1414 1451 1750 1489 QUEBEGENSIS.
1772 1449 1774 1454 ’

639 1533 821 1587 ΙιιΜΕ.
859 1552 923 1587 ET
959 1536 1096 1586 RME.
1141 1536 1278 1586 DNE.

713 1646 779 1692 ln
802 1641 997 1709 duplici
1017 1641 1067 1693 S.
1086 1639 1325 1708 (longuis,
1349 1638 1619 1690 Generalis
1640 1643 1894 1689 conventu
1916 1635 2179 1704 proposita

642 1736 765 1783 sunt
788 1736 902 1783 acta
927 1735 979 1782 et
1002 1730 1224 1781 Decreta
1243 1726 1436 1796 Synodi
1458 1725 1792 1778 Provincialis
1811 1723 2176 1784 Quebecensis,

642 1819 711 1870 A.
737 1818 881 1881 Tuae,
921 1824 1076 1885 atque
1116 1817 1332 1869 aliorum
1356 1813 1711 1868 ecclesiasticae
1734 1812 1874 1864 illius
1897 1811 2177 1879 provinciae

642 1906 929 1960 antistitum
954 1906 1160 1958 nomine
1184 1922 1276 1974 per
1290 1905 1354 1956 R.
1376 1904 1438 1955 P.
1454 1904 1517 1955 D.
1540 1903 1724 1969 Epum.
1747 1900 1782 1951 J
1784 1916 2002 1952 oannem
2025 1899 2178 1950 Garo-

641 1995 754 2048 lum
777 1995 963 2048 Prince
1005 1993 1265 2047 exhibita:
1303 1993 1549 2043 Emorum
1572 2006 1691 2042 vero
1726 1988 1833 2040 PP.
1870 1987 2123 2057 judicium
2146 2002 2178 2037 a

644 2082 817 2137 SSmo,
845 2084 942 2135 Do,
968 2082 1069 2134 No.
1111 2082 1386 2150 probatum
1419 2079 1530 2132 haec
1554 2077 1768 2145 epistola
1790 2093 1879 2128 seu
1907 2074 2177 2128 instructio

643 2172 882 2226 declarat.
921 2171 1096 2223 Primo
1120 2186 1241 2222 vero
1264 2168 1408 2220 haud
1436 2166 1740 2220 conveniens
1759 2164 1923 2218 visum
1940 2169 2018 2216 est
2041 2162 2179 2229 quod

643 2262 785 2330 Epis.
827 2259 1221 2330 Coadjutoribus
1240 2264 1419 2310 votum
1443 2256 1718 2308 decisivum
1741 2253 2071 2313 tribueretur,
2108 2257 2181 2304 at-

644 2355 790 2404 tento
834 2349 1121 2419 praesertim
1146 2347 1285 2414 quod
1320 2346 1377 2397 in
1417 2342 1785 2396 sententiarum
1826 2339 2180 2408 discrepantia,

645 2439 841 2509 duplici
864 2438 1105 2508 suffragio
1124 2454 1228 2488 una
1261 2451 1380 2504 pars
1405 2434 1643 2485 adversus
1686 2430 1897 2482 alteram
1918 2426 2181 2479 irrationa-

644 2528 821 2583 biliter
834 2528 1117 2597 juvaretur.
1163 2524 1306 2576 Hinc
1332 2522 1488 2575 etiam
1506 2520 1669 2574 tutius
1690 2519 1856 2571 visum
1879 2523 1956 2569 est
1977 2516 2042 2567 ad
2065 2531 2179 2567 cau-

645 2616 805 2671 telam
826 2615 1039 2668 aSSmo.
1057 2615 1189 2665 Duo,
1206 2618 1438 2664 actorum
1457 2608 1770 2662 sanationem
1792 2624 1898 2659 esse
1910 2604 2182 2673 imploran-

648 2706 769 2758 dam
792 2703 1157 2772 quamquidem
1182 2700 1437 2752 Sanctitas
1465 2699 1567 2750 Sua
1585 2696 1804 2764 benigne
1830 2691 2088 2746 concessit.

718 2794 876 2852 Quod
907 2809 1028 2846 vero
1066 2791 1132 2843 ad
1152 2791 1375 2842 Decreta
1395 2786 1636 2855 pertinet,
1660 2785 1772 2838 haec
1798 2783 1845 2834 S.
1879 2781 1933 2834 C.
1959 2779 2183 2834 animad-

648 2882 897 2936 vertenda
923 2880 1133 2935 censuit.

723 2970 910 3029 Quoad
929 2970 1139 3024 tertium
1162 2966 1222 3019 de
1247 2964 1566 3033 Professione
1591 2961 1734 3014 Fidei
1746 2957 2000 3011 monitum
2018 2953 2186 3009 voluit
