2600 3568
392 337 432 389 6
839 348 1129 389 conemur:
1167 351 1504 393 ouanscsusn

392 472 427 526 J
428 475 532 525 unii
572 474 710 527 dictae
742 475 1005 525 Provincias
1046 477 1215 536 unire3
1243 492 1447 541 cumque
1480 477 1769 540 supracitata
1797 473 1954 531 bulla,

397 552 511 603 data
549 552 628 602 die
657 558 744 603 120,
775 553 897 603 Julii
947 570 1072 603 anno
1111 559 1243 613 1844,
1297 553 1788 618 Carolipolitanensis,
1823 551 1949 602 Neo-

395 629 886 695 Brunopolitanensis,
917 631 1248 683 Halifaxenais
1268 632 1510 696 Episcopi,
1541 647 1725 681 necnon
1755 640 1804 680 et
1842 631 1949 679 Ari-

394 708 634 760 chatensis
654 709 917 774 Episcopus
938 713 1091 773 (cujus
1105 709 1325 759 dioeces-if.
1343 726 1405 758 ex
1421 719 1555 774 parte
1574 710 1790 759 dioecesis
1812 708 1950 758 Hali-

397 787 612 838 faxensis
649 790 906 838 constituta
943 789 1048 847 est),
1094 787 1283 850 quando
1319 786 1614 836 Provinciale
1679 786 1952 837 Concilium

399 864 711 922 Quebecense
731 866 956 917 celebrari
987 868 1247 931 contingat,
1288 870 1433 930 juxta
1453 865 1662 917 Concilii
1681 864 1950 916 Tridentini

400 941 801 1009 praescriptionem
837 944 898 995 ad
924 944 1047 993 illud
1083 954 1334 994 teneantur
1368 943 1623 1003 accedere3
1661 959 1864 1007 cumque
1886 959 1955 992 se·

399 1022 610 1073 cundum
629 1024 841 1087 ejusdem
863 1022 1026 1073 Sancti
1042 1022 1248 1073 Concilii
1267 1024 1682 1087 praescriptionem,
1712 1022 1949 1086 supradic-

398 1110 461 1151 π
481 1101 741 1152 Provinciae
782 1101 1131 1165 metropolitani
1170 1102 1376 1150 muneris
1395 1103 1458 1150 sit
1497 1110 1595 1150 tam
1631 1102 1951 1164 suffraganeos

401 1194 547 1240 quam
562 1178 893 1243 adjunctarum
913 1179 1186 1228 dioecesium
1223 1181 1466 1243 episcopos
1502 1180 1554 1227 in
1598 1179 1843 1242 Synodum
1877 1178 1952 1227 vel

403 1255 677 1307 Concilium
696 1256 993 1306 Provinciale
1014 1274 1282 1318 convocare,
1312 1267 1368 1306 ut
1389 1274 1498 1307 cum
1518 1259 1637 1321 ipso,
1667 1258 1755 1308 sub
1790 1258 1955 1307 Sancti

405 1334 614 1401 Spiritus
631 1336 867 1402 proesidio,
896 1336 955 1384 de
974 1336 1196 1384 omnibus
1210 1337 1287 1386 his
1320 1352 1425 1398 quoe
1459 1346 1677 1400 spectant
1711 1336 1773 1385 ad
1813 1337 1955 1400 repri-

402 1414 601 1464 mendos
620 1415 813 1473 abusus,
855 1413 916 1463 ad
934 1412 1250 1463 reformandos
1270 1430 1437 1474 mores,
1472 1415 1535 1463 ad
1575 1414 1849 1477 augendum
1885 1430 1956 1462 re-

400 1491 598 1557 ligionis
635 1494 859 1541 honorem
895 1494 993 1542 suis
1032 1494 1084 1541 in
1125 1492 1407 1542 dioecesibus
1457 1492 1719 1542 secundum
1752 1508 1958 1542 canones

404 1574 648 1630 statuant3
710 1563 713 1565 ’

464 1650 817 1713 Perpendentes
834 1650 991 1709 nobis,
1009 1651 1098 1699 etsi
1116 1649 1328 1699 nondum
1351 1650 1494 1699 Sacro
1527 1649 1682 1698 Pallio
1712 1649 1958 1710 decoratis,

406 1743 674 1778 concessam
694 1737 855 1778 tamen
885 1727 1047 1789 fuisse,
1079 1729 1266 1778 Sanctoe
1290 1727 1425 1777 Sedis
1442 1727 1631 1777 indulto
1650 1727 1727 1778 die
1748 1735 1807 1777 ⁷a
1828 1728 1958 1777 Mar·

408 1806 608 1855 tii184⁷
627 1806 753 1867 dato,
785 1808 1111 1856 auctoritatem
1151 1807 1416 1866 exercendi,
1450 1809 1695 1856 eveniente
1731 1806 1957 1857 Illustris·

412 1885 525 1933 simi
561 1887 867 1936 antecessoris
903 1887 1052 1935 nostri
1081 1886 1291 1946 decessu,
1332 1900 1654 1949 quascumque
1692 1885 1957 1936 functiones

409 1964 799 2026 metropolitanas
818 1966 920 2027 ipse
940 1979 1155 2015 exercere
1174 1975 1372 2027 poterat,
1386 1964 1502 2015 dum
1522 1963 1662 2013 nobis
1681 1964 1959 2026 praedictum

412 2038 645 2090 Sanctum
664 2041 873 2091 Pallium
893 2043 1224 2093 concederetur
1242 2063 1257 2102 3

470 2116 592 2178 Nos,
631 2129 863 2182 quantum
890 2122 943 2169 in
975 2122 1114 2170 nobis
1149 2131 1234 2181 est,
1264 2122 1354 2170 hac
1373 2123 1423 2169 in
1451 2132 1599 2184 parte,
1631 2120 1772 2170 officii
1812 2125 1960 2171 nostri

410 2198 591 2247 muniis
611 2198 876 2247 satisfacere
894 2200 1155 2262 cupienteS‚
1185 2215 1234 2248 re
1267 2205 1448 2249 mature
1485 2215 1716 2263 perpensa
1750 2209 1800 2248 et
1830 2215 1961 2249 sacro

411 2272 509 2324 Dei
528 2277 720 2325 nomine
733 2278 967 2337 invocate,
998 2276 1242 2340 Synodum
1263 2293 1348 2327 seu
1369 2276 1643 2328 Concilium
1665 2277 1966 2328 Provinciale

411 2354 468 2402 in
497 2355 690 2404 civitate
709 2365 871 2404 nostra
892 2355 1193 2411 Quebecensi
1210 2356 1503 2418 ecclesiaque
1536 2366 1697 2405 nostra
1730 2365 1959 2418 metropo-

411 2431 566 2481 litana
584 2433 792 2486 indicere
813 2443 861 2483 et
879 2449 1135 2483 convocare
1155 2434 1461 2495 decrevimus,
1491 2434 1723 2498 illudque,
1753 2436 1805 2482 in
1839 2435 1966 2483 dicta

410 2518 575 2559 nostra
594 2510 830 2572 Ecclesia,
860 2512 922 2560 ad
943 2512 1068 2561 diem
1088 2512 1320 2561 decimam
1341 2514 1558 2576 quintam
1577 2514 1753 2562 mensis
1772 2513 1963 2576 Augus·

413 2588 453 2637 ti
471 2590 719 2652 praesentis
739 2590 869 2649 anni,
900 2589 1020 2639 festo
1039 2591 1393 2653 Assumptionis
1413 2590 1576 2641 Beatae
1613 2591 1781 2640 Mariae
1803 2591 1964 2655 Virgi-

411 2668 490 2717 nis
503 2668 831 2732 incipiendum
850 2678 899 2717 et
918 2678 1082 2732 postea
1111 2685 1264 2732 usque
1300 2671 1351 2718 in
1390 2669 1535 2719 finem
1573 2670 1967 2733 prosequendum,

411 2760 496 2810 per
508 2756 763 2809 praesentes
782 2747 1038 2796 indicimus
1058 2758 1202 2812 atque
1222 2765 1550 2799 convocamus.

476 2823 714 2880 Quocirca
730 2826 1165 2876 Reverendissimos
1185 2828 1236 2876 in
1258 2826 1449 2877 Christo
1471 2845 1525 2877 ac
1547 2827 1841 2877 venerabiles
1858 2827 1966 2877 Fra-

411 2912 509 2953 tres
544 2903 1058 2969 Regiopolitanensem,
1101 2906 1682 2970 Marianopolitanensem‚
1750 2906 1967 2955 Tor-onti-

411 2997 546 3043 num,
578 2982 923 3044 Terrae-Novae,
950 2983 1210 3035 Districtus
1231 2984 1536 3035 Nord·Ouest
1557 2996 1605 3035 et
1624 2986 1968 3050 Bypolitanum

410 3060 678 3125 Episcopos
699 3073 883 3112 nostros
899 3065 1304 3127 co-provinciales,
1324 3081 1507 3114 necnon
1526 3063 1969 3129 Carolipolitanum,
