2592 3568
456 337 524 391 10
903 353 1189 391 cononum
1225 352 1561 395 ouxnncnusn

450 478 504 532 lo
526 477 817 542 Piscatoris,
841 478 926 533 die
948 484 996 534 4.
1034 479 1266 551 Augusti
1308 479 1474 543 1848„
1509 478 1850 534 Pontificatus
1886 493 2002 533 nos-

451 567 524 624 tri
547 584 684 621 anno
706 567 875 622 tertio.

592 673 699 726 Pro
734 673 799 726 D.
826 673 975 726 Card.
1003 672 1435 726 Lsunnuscmm.

875 776 1069 850 (Sign.)
1102 779 1169 832 A.
1196 777 1501 841 P1ccmom,
1538 776 1871 833 Substitutus.

521 920 622 973 Die
644 923 693 974 8.
720 919 957 974 Octobris
989 920 1133 974 1850.
1209 919 1525 1004 (Concordat
1539 936 1657 973 cum
1680 919 1964 991 originali.)

453 1044 514 1100 L.
539 1054 586 1103 -ι-
608 1043 661 1098 S.
697 1031 707 1037 ”

1104 1115 1202 1168 Ar..
1229 1114 1508 1182 BARNABo,
1544 1131 1576 1167 a
1599 1113 1831 1168 Secretis.

522 1289 882 1344 Nonobstante
919 1288 1018 1341 hac
1057 1288 1385 1358 exemptione
1423 1307 1455 1342 a
1495 1289 1542 1342 S.
1568 1289 1700 1342 Sede
1738 1307 1995 1354 concessa,

446 1379 629 1432 Rmus.
652 1378 938 1448 Episcopus
961 1377 1323 1433 Terrae-Novae
1359 1378 1427 1430 ad
1449 1377 1737 1431 Concilium
1758 1396 1811 1433 se
1832 1379 1999 1433 venis-

448 1484 506 1522 se
526 1466 721 1522 fatetur
738 1474 799 1521 ut
833 1467 1076 1521 Patribus
1113 1483 1223 1521 suae
1257 1466 1602 1520 venerationis
1643 1466 1998 1521 testimonium

451 1555 620 1619 daret,‘
652 1562 706 1610 et
727 1562 788 1611 ut
810 1561 1086 1610 extraneus
1105 1554 1396 1624 Episcopus
1420 1554 1624 1609 admitti
1647 1561 1878 1626 exoptat.

517 1644 878 1699 III.-Rmus.
899 1644 1195 1698 Bernardus
1219 1642 1489 1697 Donaldus
1511 1643 1827 1708 McDonald,
1847 1643 1996 1714 Epis-

446 1749 606 1803 copus
629 1732 1150 1803 Garolinopolitanus,
1186 1732 1283 1786 etsi
1303 1748 1410 1784 non
1434 1731 1502 1786 sit
1525 1732 1894 1803 suffraganeus,
1931 1733 1997 1787 ad

447 1820 740 1875 Concilium
763 1827 1083 1885 convocatus,
1119 1821 1312 1876 virtute
1333 1820 1506 1875 Bullae
1549 1839 1582 1875 a
1602 1821 1653 1875 S.
1700 1821 1831 1875 Sede
1875 1822 1997 1876 data

446 1908 533 1963 die
571 1910 876 1964 duodecima
910 1910 945 1962 J
946 1909 1042 1963 ulii
1083 1926 1223 1963 anno
1262 1908 1535 1962 millesimo
1570 1909 1997 1980 octingentesimo

447 1998 842 2069 quadragesimo
860 2004 1059 2067 quarto,
1093 1997 1422 2053 Provinciam
1441 1997 1835 2054 ecclesiasticam
1854 1999 1997 2060 Que-

339 2124 344 2130 ·
394 2122 397 2125 -
444 2086 719 2140 becensem
739 2087 1000 2158 erigentis,
1036 2086 1252 2156 exponit
1272 2087 1447 2141 locum
1481 2103 1592 2140 esse
1626 2087 1881 2156 sperandi,
1930 2104 1996 2140 ex

446 2174 604 2230 Brevi
627 2192 784 2245 supra
805 2181 1103 2240 memorato,
1137 2175 1195 2228 in
1231 2174 1506 2245 provinciis
1528 2175 1670 2229 sinus
1693 2175 1744 2229 S.
1766 2175 1996 2230 Lauren-

448 2263 514 2319 tii
533 2264 935 2334 proximioribus
959 2263 1279 2318 formandam
1327 2280 1438 2317 esse
1482 2263 1798 2332 provinciam
1836 2264 1996 2319 eccle-

449 2352 722 2416 siasticam,
756 2353 814 2406 in
834 2370 937 2421 qua
968 2352 1320 2406 includeretur
1356 2352 1591 2405 dioecesis
1628 2352 1996 2423 Carolinopoli-

447 2447 604 2505 tana3
642 2442 820 2510 itaque
843 2440 1072 2494 Concilio
1090 2441 1347 2494 interesse
1375 2439 1634 2494 desiderat
1676 2440 1994 2494 solummdo

445 2534 507 2584 ut
529 2535 810 2584 extraneus
830 2529 1115 2599 episcopus.

515 2618 727 2672 Mature
750 2618 1016 2688 perpensis
1029 2617 1315 2672 rationibus
1336 2635 1368 2671 a
1386 2617 1820 2687 Rmis‚Episcopis
1840 2617 1994 2672 Caro-

442 2706 781 2777 linopolitano
818 2713 870 2761 et
892 2707 1254 2762 Terrae-Novae
1301 2705 1552 2776 allegatis,
1597 2705 1792 2775 placuit
1827 2706 1994 2761 Patri-

441 2798 540 2851 bus
563 2791 836 2850 admittere
855 2813 941 2850 eos
964 2813 1082 2849 cum
1105 2813 1230 2849 voce
1265 2794 1619 2858 consultativa‚
1657 2795 1833 2863 eisque
1876 2812 1993 2850 con-

443 2886 625 2941 cedere
647 2884 944 2938 facultatem
964 2885 1191 2955 eligendi
1210 2885 1535 2954 presbyteros
1570 2884 1863 2938 assistentes
1901 2886 1992 2955 qui

442 2975 581 3029 inter
602 2973 891 3043 Theologos
911 2979 964 3027 et
996 2974 1300 3028 Canonistas
1328 2979 1776 3028 connumerentur.

513 3063 924 3118 IV.-Aberant
947 3063 1127 3117 Rmus.
1151 3063 1188 3116 J
1189 3062 1412 3132 osephus
1431 3061 1724 3116 Norbertus
1766 3062 1992 3117 Proven-
