2592 3600
432 362 503 418 28
875 377 1162 415 conemur(
1197 374 1533 417 oonnncnusn

504 503 761 558 Statuitur
784 509 958 557 tamen
977 503 1132 571 quod,
1168 519 1331 570 quum
1353 500 1560 569 penitus
1581 501 1720 554 bona
1740 500 1843 557 fide
1862 518 1981 556 con-

430 589 597 645 fessus
639 597 910 660 peccatum
948 597 1267 645 reservatum
1301 588 1554 642 sacerdoti
1596 590 1689 657 qui
1726 595 1980 658 potestate

431 679 732 733 absolvendi
778 696 883 731 non
903 678 1108 741 fruitur,
1152 679 1217 730 ab
1254 677 1346 729 illo
1366 676 1523 745 hujus
1543 678 1743 745 peccati
1779 678 1981 742 absolu-

430 767 628 821 tionem
643 761 842 836 recipit,
850 766 1123 819 reservatio
1136 765 1336 818 tollitur
1349 765 1407 817 in
1426 765 1645 834 gratiam
1659 766 1978 835 paenitentis,

432 855 705 922 validaque
728 854 1017 906 declaratur
1036 852 1308 906 absolutio,

502 942 756 996 Statuitur
778 941 836 993 in
853 941 951 994 hac-
968 940 1187 994 materia
1209 941 1492 995 Decretum
1527 959 1558 996 a
1578 942 1979 1013 congregatione

426 1030 491 1094 de
512 1030 716 1083 decretis
740 1028 1034 1097 praeparari.

497 1117 800 1179 Quadrante
824 1123 942 1170 ante
964 1117 1234 1170 meridiem
1256 1117 1529 1172 discedunt
1548 1119 1745 1173 Patres.

834 1241 987 1294 Sexta
1014 1240 1333 1310 Gonyreqatio
1347 1242 1569 1311 privata.

499 1358 650 1411 Hora
670 1358 892 1411 secunda
910 1363 1028 1427 post
1041 1358 1329 1420 meridiem,
1343 1357 1474 1411 feria
1496 1358 1667 1422 tertia,
1676 1358 1760 1411 die
1778 1358 1978 1413 decima

425 1463 564 1499 nona
582 1446 811 1516 Augusti
834 1447 1149 1499 conveniunt
1177 1447 1371 1509 Patres,
1389 1447 1618 1515 exceptis
1634 1447 1796 1500 Rmis.
1823 1447 1977 1500 Caro-

426 1534 767 1604 linopolitano
792 1541 844 1588 et
866 1535 1230 1589 Terrae-Novae
1253 1534 1538 1603 Episcopis.

495 1623 647 1677 Novo
682 1623 1031 1693 subjiciuntur
1053 1623 1281 1676 examini
1317 1640 1437 1690 quae
1461 1628 1749 1690 sequuntur
1771 1622 1978 1677 decreta

425 1712 569 1781 prius
595 1711 984 1781 congregationi
1005 1711 1064 1765 de
1085 1711 1297 1764 decretis
1316 1710 1568 1763 submissa
1591 1725 1602 1761 :

672 1814 852 1860 l.—De
878 1814 1067 1859 Rituali
1089 1831 1107 1864 ,-

669 1893 848 1940 2.—De
869 1892 1198 1938 Gceremoniali
1217 1909 1234 1941 ;

669 1971 854 2016 3.—De
876 1970 1169 2046 Catechismq
1189 1986 1206 2018 ,·

495 2062 704 2122 Quibus
726 2069 930 2116 mature
951 2061 1217 2131 perpensis
1252 2060 1549 2115 definitivus
1572 2059 1782 2114 illorum
1803 2061 1975 2114 decre-

426 2159 598 2208 torum
639 2158 914 2207 contextus
957 2151 1262 2215 admittitur,
1280 2146 1438 2221 juxta
1479 2166 1636 2218 quem
1657 2148 1714 2202 in
1735 2149 1975 2219 proxima

424 2241 649 2295 sessione
671 2241 1034 2311 proclamanda
1053 2246 1193 2294 sunt.

492 2330 645 2384 Hora
662 2330 815 2384 tertia
838 2330 1110 2385 discedunt
1135 2330 1333 2384 Patres·

785 2436 978 2498 Quarta
1011 2437 1335 2507 Gonyreqatt‘o
1352 2435 1618 2505 yeneraliS.

488 2540 650 2594 Anno
709 2540 984 2595 millesimo
1048 2540 1475 2612 octingentesimo
1541 2541 1971 2613 quinquagesimo
1995 2596 2006 2603 ὀ

419 2628 605 2698 primo,
660 2627 793 2684 feria
829 2630 1001 2692 tertia,
1034 2630 1121 2683 die
1158 2629 1360 2684 decima
1380 2646 1518 2683 nona
1551 2629 1798 2700 Augusti,
1842 2630 1973 2685 hora

422 2718 575 2772 *ertia
596 2723 713 2787 post
734 2717 1020 2782 meridiem,
1039 2718 1357 2772 conveniunt
1373 2717 1574 2783 Patres,
1594 2719 1653 2773 in
1668 2718 1782 2773 loco
1804 2719 1972 2785 solito,

424 2823 539 2859 *tum
557 2805 815 2876 theologis
854 2813 909 2861 et
930 2807 1189 2861 officiariis
1211 2807 1435 2862 Concilii
1457 2809 1523 2862 ad
1561 2813 1802 2878 quartam
1837 2809 1977 2864 Con-

419 2894 776 2966 gregationem
798 2896 1094 2965 generalem
1116 2896 1426 2950 habendam.

488 2982 765 3053 Leguntur
787 2989 902 3039 acta
924 2984 1339 3056 congregationis
1361 2984 1618 3057 generalis
1639 2985 1826 3041 tertiae.

487 3070 835 3128 Continuatur
880 3079 935 3129 et
977 3073 1160 3131 finitur
1203 3073 1452 3131 discussio
1497 3075 1661 3146 partis
1699 3073 1969 3136 relationis
