2600 3632
1207 376 1559 414 Pnovmcumss
1595 378 1628 413 1.
2115 367 2180 419 51

649 511 842 566 rentes,
864 501 1227 571 professionem
1244 501 1368 553 fidei
1391 519 1422 553 a
1444 502 1541 553 Pio
1564 502 1662 555 IV.
1684 503 1934 557 Pontifice
1958 506 2190 560 Maximo

649 592 1000 662 praescriptam
1021 591 1241 643 libenter
1258 591 1345 642 hic
1364 590 1533 658 palam
1555 590 1848 645 solemniter
1864 600 2187 661 praestamus,

640 698 867 748 eamque
890 680 1066 732 fideles
1090 679 1291 731 edoceri
1320 679 1607 732 statuimus.

1173 820 1356 872 Forma
1383 819 1667 886 juramenti.

723 944 837 1014 Ego
861 943 929 996 N.
968 943 1115 994 firma
1149 943 1253 994 fide
1276 943 1445 1005 cred0‚
1481 949 1534 995 et
1556 943 1797 1011 profiteor
1830 945 2003 996 omnia
2024 951 2075 997 et
2096 943 2198 997 sin-

654 1032 793 1101 gula,
820 1049 938 1098 quae
983 1031 1310 1083 continentur
1333 1031 1389 1082 in
1413 1031 1653 1099 Symbolo
1696 1032 1856 1094 Fidei,
1901 1049 2003 1099 quo
2027 1038 2202 1085 sancta

657 1121 893 1172 Romana
938 1120 1167 1171 Ecclesia
1206 1119 1372 1171 utitur
1399 1138 1411 1177 ;
1449 1119 1703 1181 videlicet,
1750 1118 1914 1171 Credo
1957 1121 2012 1171 in
2037 1138 2200 1172 unum

658 1208 844 1270 Deum,
872 1207 1078 1261 Patrem
1114 1207 1516 1275 omnipotentem
1536 1205 1780 1259 :factorem
1816 1208 1941 1261 coeli
1962 1215 2011 1261 et
2034 1216 2204 1272 terrae,

658 1296 941 1349 visibilium
965 1288 1209 1358 omnium,
1249 1302 1300 1348 et
1318 1295 1665 1348 invisibilium.
1739 1296 1807 1348 Et
1839 1296 1895 1347 in
1918 1314 2078 1348 unum
2098 1299 2203 1349 Do-

659 1386 862 1437 minum
886 1385 1065 1436 Jesum
1086 1384 1364 1446 Christum,
1387 1384 1578 1435 Filium
1603 1384 1702 1435 Dei
1722 1384 2063 1454 unigenitum.
2133 1386 2203 1439 Et

653 1490 727 1526 cx
749 1474 906 1525 Patre
929 1480 1124 1535 natum,
1166 1480 1285 1524 ante
1330 1472 1501 1524 omnia
1544 1472 1744 1525 saecula.
1797 1474 1967 1526 Deum
1991 1475 2054 1525 de
2074 1475 2204 1537 Dec,

659 1561 837 1612 lumen
858 1560 1149 1622 delumine,
1175 1562 1346 1611 Deum
1366 1578 1543 1612 verum
1568 1562 1631 1612 de
1650 1563 1758 1613 Dec
1778 1579 1830 1615 vc:
1840 1580 1910 1614 ro.
1939 1563 2204 1625 Genitum,

663 1667 767 1701 non
804 1648 1015 1711 factum,
1041 1648 1524 1700 consubstantialem
1549 1649 1707 1712 Patri,
1745 1667 1835 1717 per
1859 1668 2012 1717 quem
2036 1650 2208 1702 omnia

663 1737 798 1789 facta
820 1743 953 1789 sunt.
1028 1737 1132 1794 Qui
1156 1744 1363 1805 propter
1387 1754 1478 1788 nos
1504 1737 1755 1799 homineS,
1798 1744 1849 1790 et
1868 1746 2077 1806 propter
2096 1754 2211 1790 nos-

664 1832 796 1878 tram
819 1826 1036 1878 salutem
1059 1826 1323 1877 descendit
1342 1826 1406 1877 de
1429 1826 1587 1878 coelis.
1659 1827 1727 1878 Et
1750 1826 2041 1879 incarnatus
2056 1832 2133 1879 est
2147 1828 2211 1879 de

666 1913 865 1982 Spiritu
888 1914 1072 1966 Sancto
1094 1932 1159 1966 ex
1195 1915 1364 1966 Maria
1383 1914 1603 1983 Virgine
1625 1931 1637 1967 ε
1670 1921 1721 1967 et
1744 1915 1896 1967 homo
1934 1915 2096 1969 factus
2118 1921 2209 1968 est.

660 2002 955 2055 'Crucifixus
981 2002 1135 2055 etiam
1178 2020 1272 2070 pro
1295 2003 1444 2054 nobis
1469 2004 1564 2055 sub
1596 2004 1782 2056 Pontio
1806 2004 1988 2065 Pilato,
2034 2020 2214 2072 passus

667 2097 719 2142 et
747 2090 979 2158 sepultus
1023 2097 1112 2143 est.
1188 2091 1256 2143 Et
1292 2092 1573 2144 resurrexit
1610 2092 1762 2145 tertia
1798 2093 1895 2155 die,
1934 2094 2216 2145 secundum

667 2178 965 2247 Scripturas.
1040 2180 1107 2231 Et
1130 2179 1359 2231 ascendit
1382 2180 1436 2230 in
1462 2180 1673 2241 coelum,
1698 2181 1838 2232 sedet
1861 2182 1928 2233 ad
1951 2182 2218 2232 dexteram

669 2268 853 2321 Patris,
927 2268 996 2320 Et
1018 2268 1206 2320 iterum
1247 2274 1496 2320 venturus
1533 2256 1609 2320 'est
1633 2286 1749 2320 cum
1793 2269 1956 2337 gloria
1987 2269 2219 2338 judicare

670 2357 810 2410 vivos
834 2362 887 2409 et
920 2363 1184 2417 mortuos;
1225 2357 1371 2425 cujus
1406 2357 1554 2425 regni
1591 2374 1695 2408 non
1738 2358 1833 2409 erit
1865 2357 1998 2409 finis.
2072 2358 2141 2410 Et
2162 2357 2219 2408 in

675 2446 923 2514 Spiritum
950 2452 1182 2498 sanctum
1217 2445 1515 2507 Dominum,
1564 2451 1615 2498 et
1647 2446 2003 2507 vivificantem,
2039 2445 2128 2512 qui
2154 2462 2221 2496 ex

672 2535 844 2597 Patre2
871 2534 1107 2601 Filioque
1128 2534 1372 2601 procedit.
1400 2534 1507 2592 Qui
1530 2552 1646 2585 cum
1669 2534 1823 2586 Patre
1847 2541 1899 2585 et
1917 2534 2045 2584 Filio
2067 2533 2222 2584 simul

673 2625 930 2685 adoratur,
952 2630 1005 2675 et
1040 2622 1486 2691 conglorificatur:
1527 2622 1618 2689 gui
1655 2621 1853 2675 locutus
1876 2629 1952 2674 est
1975 2638 2064 2689 per
2099 2622 2223 2674 Pro-

673 2711 871 2781 phetas,
890 2713 956 2764 Et
972 2712 1028 2763 in
1042 2729 1200 2763 unam
1221 2719 1447 2763 sanctam
1472 2711 1788 2764 Catholicam
1808 2717 1858 2764 et
1873 2710 2224 2779 Apostolicam

682 2801 982 2854 Ecclesiam.
1056 2800 1317 2853 Confiteor
1341 2817 1503 2852 unum
1526 2800 1778 2868 baptisma
1800 2802 1853 2851 in
1876 2799 2225 2852 remissionem

679 2896 1022 2959 peccatorum.
1096 2890 1166 2943 Et
1189 2895 1406 2958 expecto
1444 2888 1862 2942 resurrectionem
1887 2895 2223 2941 mortuorum.

681 2980 750 3032 Et
774 2980 932 3032 vitam
967 2980 1172 3033 venturi
1210 2978 1402 3032 saeculi.
1441 2980 1624 3030 Amen.
1700 2976 2023 3046 Apostolicas
2061 2983 2115 3030 et
2134 2977 2228 3030 Ec-

676 3067 994 3123 clesiasticas
1028 3068 1345 3132 traditiones,
1384 3067 1710 3135 reliquasque
1731 3065 1958 3136 ejusdem
1984 3065 2230 3120 Ecclesiae
