2592 3616
459 411 530 462 52
906 427 1191 465 cononum
1229 430 1563 468 αῦΕΒΕοΕΝεΕ

456 552 852 617 observationes,
889 560 942 607 et
980 555 1367 608 constitutiones
1401 554 1691 608 firmissime
1719 556 1932 610 admitto
1959 564 2016 611 et

455 641 752 710 amplector.

527 730 662 783 Item
694 731 900 783 Sacram
928 730 1242 798 Scripturam
1260 730 1416 799 juxta
1452 747 1569 782 eum
1591 747 1815 795 sensum,
1855 750 2010 800 quem

454 819 625 872 tenuit
643 825 697 872 et
719 826 860 871 tenet
880 827 1054 872 sancta
1076 820 1247 871 Mater
1272 819 1515 882 Ecclesia,
1542 819 1691 888 cujus
1717 826 1794 872 est
1807 821 2011 890 judica·

453 924 512 960 re
535 908 598 959 de
615 925 737 959 vero
758 925 911 959 sensu
930 915 981 961 et
1004 908 1431 976 interpretatione
1451 925 1706 960 sacrarum
1723 908 2014 976 Scriptura--

450 1014 582 1057 rum,
614 996 829 1048 admitto
851 1013 863 1049 :
889 1013 984 1049 nec
1010 1014 1122 1049 eam
1147 1014 1392 1064 unquam,
1419 997 1518 1048 nisi
1534 998 1692 1065 juxta
1711 996 2009 1050 unanimem

455 1100 759 1137 consensum
783 1085 997 1137 Patrum
1023 1086 1267 1154 accipiam
1293 1094 1344 1138 et
1367 1086 1758 1154 interpretabor.

505 1172 775 1224 Profiteor
795 1191 1001 1240 quoque
1022 1181 1216 1241 septem
1244 1192 1352 1227 esse
1376 1176 1494 1227 vere
1519 1180 1572 1226 et
1594 1174 1799 1243 proprie
1847 1191 2008 1227 sacra-

453 1268 628 1314 menta
650 1279 799 1314 novae
825 1262 970 1330 legis,
993 1280 1023 1314 a
1046 1264 1081 1314 J
1083 1281 1172 1315 esu
1196 1263 1402 1316 Christo
1427 1263 1651 1315 Domino
1671 1270 1845 1314 nostro
1864 1263 2008 1315 insti-

451 1355 581 1412 tuta,
602 1357 757 1418 atque
778 1354 844 1405 ad
860 1353 1077 1404 salutem
1097 1352 1312 1403 humani
1332 1352 1550 1420 generis,
1572 1351 1693 1402 licet
1715 1368 1821 1402 non
1839 1349 2012 1403 omnia

452 1439 691 1507 singuliS,
712 1442 1012 1503 necessaria,
1040 1440 1232 1492 scilicet
1255 1457 1265 1492 ε
1291 1440 1631 1507 Baptismum,
1657 1439 2010 1490 Confirmatio-

449 1544 586 1585 nem,
630 1529 1022 1591 Eucharistiam‚
1066 1529 1453 1590 Poenitentiam,
1478 1529 1778 1580 Extremam
1801 1529 2014 1581 Unctio-

448 1631 585 1676 nem,
639 1618 889 1672 Ordinem
949 1625 1002 1671 et
1064 1618 1457 1670 Matrimonium
1480 1638 1493 1680 3
1547 1618 1741 1684 illaque
1788 1618 2007 1686 gratiam

449 1703 681 1758 conferre
706 1726 720 1767 ;
747 1715 799 1760 et
838 1725 904 1758 ex
930 1708 1012 1759 his
1051 1708 1395 1776 Baptismum,
1443 1707 1917 1769 Confirmationem,
1960 1715 2011 1759 et

450 1793 603 1845 Ordir
639 1812 716 1857 m,
742 1796 851 1848 sine
886 1796 1151 1866 sacrilegio
1174 1797 1408 1848 reiterari
1428 1813 1533 1848 non
1557 1813 1717 1864 posse.
1757 1796 2012 1865 Receptos

451 1899 659 1949 quoque
680 1890 731 1937 et
765 1888 1073 1953 approbatos
1098 1885 1345 1937 Ecclesiae
1374 1884 1656 1937 Catholicae
1680 1884 1825 1945 rituS,
1849 1885 1904 1936 in
1930 1902 2010 1936 su-

450 1971 798 2039 pradictorum
818 1974 1034 2026 solemni
1050 1974 1489 2027 administratione
1504 1972 1696 2039 recipio
1712 1980 1766 2025 et
1781 1973 2020 2026 admitto:

450 2060 625 2112 omnia
645 2068 698 2113 et
717 2062 919 2131 singula
943 2081 1061 2130 quae
1082 2064 1146 2115 de
1175 2070 1387 2131 peccato
1414 2062 1652 2131 originali
1671 2068 1724 2113 et
1744 2063 1806 2113 de
1823 2062 2011 2131 justifi-

451 2147 671 2212 catione,
705 2151 761 2202 in
784 2159 1104 2205 sacrosancta
1139 2152 1444 2204 Tridentina
1480 2151 1683 2220 Synodo
1708 2151 1921 2203 definita
1959 2158 2012 2204 et

453 2237 712 2291 declarata
732 2239 958 2303 fierunt,
979 2241 1259 2310 amplector
1282 2248 1336 2293 et
1355 2240 1561 2309 recipio.

523 2326 775 2381 Profiteor
795 2330 1007 2398 pariter,
1041 2330 1098 2382 in
1122 2330 1283 2382 Missa
1318 2330 1490 2381 offerri
1509 2330 1623 2381 Deo
1654 2345 1851 2391 verum,
1895 2345 2010 2397 pro-

454 2415 626 2483 prium
648 2424 700 2470 et
742 2419 1150 2486 propitiatorium
1195 2419 1516 2479 sacrificium,
1543 2435 1633 2486 pro
1672 2418 1805 2470 vivis
1845 2423 1898 2470 et
1922 2418 2012 2469 de-

455 2502 647 2558 functis
668 2526 681 2565 3
718 2515 874 2575 atque
895 2508 951 2559 in
975 2508 1294 2561 sanctissimo
1320 2507 1657 2559 Eucharistiae
1677 2506 2006 2558 Sacramento

454 2609 566 2646 esse
627 2597 762 2660 vere,
833 2597 1054 2660 realiter,
1112 2604 1164 2650 et
1226 2596 1632 2649 substantialiter
1696 2594 1894 2663 Corpus
1959 2600 2012 2647 et

454 2683 789 2753 Sanguinem,
842 2703 946 2738 una
988 2704 1106 2738 cum
1145 2685 1317 2737 anima
1360 2692 1411 2737 et
1471 2684 1741 2736 divinitate
1797 2682 2009 2736 Domini

453 2773 616 2825 nostri
639 2773 675 2825 J
677 2791 766 2826 esu
792 2774 1000 2837 Christi,
1037 2775 1253 2842 fierique
1277 2774 1658 2827 conversionem
1705 2772 1863 2825 totius
1891 2773 2016 2824 sub-

455 2862 660 2917 stantiae
684 2864 831 2931 panis
854 2864 908 2916 in
934 2865 1149 2932 CorpuS,
1188 2871 1239 2916 et
1265 2864 1422 2916 totius
1446 2862 1752 2916 substantiae
1795 2861 1904 2913 vini
1947 2860 2002 2912 in

453 2953 771 3021 sanguinem,
811 2971 966 3021 quam
1019 2953 1402 3006 conversionem
1450 2951 1722 3004 Catholica
1767 2949 1999 3003 Ecclesia

450 3041 1072 3096 Transubstantiationem
1098 3043 1342 3111 appel-lat.

520 3130 707 3184 Fateor
729 3132 918 3214 etiam&
927 3133 1023 3185 sub
1040 3132 1201 3185 altera
1215 3138 1420 3185 tantum
1442 3130 1627 3200 specie,
1652 3135 1819 3183 totum
1841 3135 2010 3196 atque
