2592 3600
1198 349 1554 388 rnovmcums
1578 351 1614 389 1.
2103 341 2174 396 29

629 472 693 526 de
713 471 979 542 disceplina
1002 489 1119 542 quae
1137 473 1459 527 sacerdotum
1475 475 1889 545 jurisdictionem
1909 485 2119 549 spectat.

701 560 920 631 Legitur
940 562 1029 615 sed
1063 577 1168 614 non
1187 561 1462 616 discutitur
1493 563 1662 632 prima
1682 564 1864 618 relatio
1899 584 2175 640 congrega-

630 648 787 703 tionis
800 648 862 702 de
881 649 1102 702 doctrina
1123 651 1294 718 quoad
1314 650 1643 719 adoptionem
1662 653 1976 718 catechismi,
1997 654 2176 726 lingua

631 736 836 807 anglica
858 737 983 791 editi
1001 738 1098 791 sub
1120 738 1330 790 nomine
1349 739 1541 792 Butler.

700 825 920 895 Legitur
943 831 995 879 et
1014 826 1287 879 discutitur
1316 828 1539 880 secunda
1561 827 1741 881 relatio
1766 830 2178 900 congregationis

631 913 692 966 de
708 913 902 976 stadii&
924 913 1095 981 quoad
1130 913 1301 966 studia
1328 914 1595 983 juniorum
1632 915 1977 984 professorum
1998 918 2053 972 in
2078 919 2178 973 col-

630 1001 798 1071 legiis,
819 1018 1038 1055 examen
1051 1018 1082 1053 a
1090 1001 1385 1071 junioribus
1405 1003 1751 1056 sacerdotibus
1767 1006 2108 1071 subeundum,
2127 1013 2180 1061 et

632 1088 1000 1158 obligationem
1025 1083 1029 1087 ⁶
1056 1089 1121 1141 ab
1160 1089 1234 1141 eis
1293 1090 1598 1142 concionum
1647 1092 2075 1148 conficiendarum
2125 1101 2180 1148 et

632 1177 1059 1239 exhibendarum,
1097 1177 1455 1229 educationem
1478 1178 1778 1232 clericorum
1809 1180 1963 1250 juxta
1999 1183 2179 1237 Conci-

631 1266 763 1319 lium
782 1265 1161 1328 Tridentinum,
1187 1264 1485 1319 collationes
1510 1267 1891 1321 ecclesiasticas.

703 1371 924 1441 Legitur
947 1377 999 1425 et
1034 1371 1309 1424 discutitur
1332 1371 1486 1425 etiam
1521 1389 1639 1440 pars
1659 1373 1885 1426 secunda
1918 1372 2181 1427 relationis

632 1459 693 1512 de
717 1460 921 1529 lituryia
940 1477 1059 1527 quae
1084 1466 1280 1528 spectat
1301 1461 1368 1512 ad
1398 1460 1709 1513 additionem
1727 1478 1978 1514 novorum
1994 1462 2182 1516 officio-

627 1565 746 1600 rum
785 1549 842 1600 in
885 1548 1162 1609 BreviariO,
1187 1548 1600 1615 suppressionem
1637 1551 1975 1616 quarumdam
2000 1550 2180 1603 solem-

625 1635 851 1690 nitatum
871 1643 924 1690 et
941 1637 1150 1689 modum
1173 1642 1494 1689 conservatas
1519 1637 1832 1690 celebrandi.

703 1724 977 1794 Leguntur
1015 1725 1225 1778 tandem
1266 1724 1472 1776 decreta
1493 1726 1551 1776 de
1589 1725 1805 1787 Rimanti,
1843 1724 1903 1777 de
1947 1726 2178 1780 C'oeremo-

631 1813 763 1865 niali
783 1821 833 1866 et
847 1813 907 1866 de
930 1812 1230 1875 catechismo,
1248 1812 1361 1882 jam
1384 1812 1438 1864 in
1465 1822 1611 1865 sexta
1645 1812 2047 1883 congregatione
2080 1813 2183 1883 pri-

631 1908 753 1956 vata
786 1902 1083 1971 approbata.

703 1989 855 2043 Hora
889 1989 1073 2057 quinta
1105 2005 1225 2041 cum
1248 1987 1478 2051 dimidia,
1516 1994 1633 2057 post
1656 1988 1940 2041 orationem
1976 1987 2180 2053 factam,

635 2078 908 2132 discedunt
941 2078 1140 2130 Patres.

1000 2199 1221 2269 Septima
1266 2199 1588 2267 Congreqatio
1615 2200 1829 2267 privata.

710 2324 863 2377 Hora
878 2339 1017 2376 nona
1039 2329 1161 2376 ante
1178 2320 1602 2384 meridiem,feria
1618 2325 1818 2390 quarta,
1836 2320 1921 2374 die
1933 2320 2181 2390 vigesima

636 2412 882 2482 Augusti,
906 2411 1218 2465 conveniunt
1236 2411 1435 2472 Patres,
1472 2409 1702 2478 exceptis
1724 2409 2180 2463 Reverendissimis

638 2501 1112 2570 Carolinopolitano
1136 2506 1189 2553 et
1210 2497 1573 2553 Terrae-Novae
1594 2496 1876 2566 Episcopis.

707 2590 980 2658 Leguntur
1000 2594 1053 2641 et
1074 2588 1421 2641 admittuntur
1440 2591 1555 2641 acta
1576 2590 1736 2641 sextae
1773 2584 2180 2655 congregationis

638 2678 855 2748 privatae
880 2683 932 2729 et
953 2683 1151 2745 quartae
1175 2674 1586 2745 congregationis
1608 2674 1874 2744 generalis.

709 2765 1077 2819 Discutiuntur
1099 2765 1457 2834 theologorum
1477 2764 1745 2817 sententiae
1764 2763 1897 2815 circa
1916 2762 2180 2816 decretum

638 2854 698 2907 de
706 2854 1056 2922 jurisdictione
1077 2852 1380 2906 sacerdotum
1403 2858 1455 2906 et
1470 2853 1684 2923 jubetur
1703 2852 1897 2904 dictum
1916 2851 2181 2905 decretum

640 2943 706 2995 ad
730 2943 1180 3012 congregationem
1199 2941 1259 2994 de
1281 2942 1485 2995 decretis
1499 2940 1635 2995 mitti
1652 2939 2033 2994 formulandum
2048 2939 2181 2994 sicut

641 3032 989 3086 emendatum.
