2576 3536
1229 347 1576 383 PROVINCIALE
1613 349 1649 386 1.
2144 342 2213 394 55

671 470 935 538 sequimur
957 476 986 500 “
1010 470 1193 523 Sedem
1231 472 1580 540 Apostolicam
1616 473 1671 525 in
1692 490 1795 540 qua
1834 483 1911 528 est
1933 478 2133 549 integra
2156 488 2211 535 et

667 575 792 611 vera
816 558 1107 611 christianae
1127 560 1390 628 religionis
1415 560 1639 629 perfecta
1663 562 1935 633 soliditas‚”
1958 566 2205 636 (Formul.

667 647 921 700 Hormisd.
945 649 1307 719 orientalibus.)
1345 651 1530 717 Itaque
1554 656 1663 703 toto
1688 652 1857 704 animo
1883 654 2199 709 adhaeremus

667 736 905 788 omnibus
924 742 977 788 et
992 737 1207 805 singulis
1223 738 1510 805 apostolicis
1531 740 1982 794 constitutionibus
1998 744 2206 812 dogma-

663 824 794 887 ticis,
818 825 897 877 uti
918 832 970 878 et
993 825 1095 877 illis
1120 843 1236 893 quae
1257 827 1597 879 universalem
1617 828 1859 882 Ecclesiae
1880 830 2201 899 disciplinam

662 914 973 982 respiciunt3
1013 923 1167 981 atque
1208 915 1522 967 declaramus
1565 922 1617 967 et
1640 917 1879 970 docemus
1900 936 1983 971 eas
2007 922 2071 972 ab
2097 939 2205 973 om·

661 1002 817 1054 nibus
839 1002 1254 1054 christifidelibus
1272 1004 1516 1054 tenendas
1537 1021 1661 1066 esse,
1678 1005 2197 1061 velutcredendorum

659 1107 910 1152 normam,
936 1097 989 1142 et
1014 1090 1335 1144 conscientiae
1360 1091 1591 1159 regulam
1631 1093 2033 1161 independenter
2057 1116 2198 1166 pror-

659 1195 745 1231 sus
769 1180 835 1230 ab
856 1179 998 1230 omni
1017 1180 1280 1247 potestatis
1300 1180 1557 1231 saecularis
1579 1181 1852 1234 sanctione.

725 1268 1012 1335 Propterea
1035 1268 1315 1320 sacerdotes
1340 1275 1393 1320 et
1417 1286 1589 1319 omnes
1607 1269 1784 1322 fideles
1807 1271 1993 1339 saepius
2034 1273 2194 1325 moni-

654 1361 734 1410 tos
757 1356 994 1408 volumus
1016 1365 1074 1408 ut
1088 1357 1228 1408 omni
1249 1357 1454 1423 quidem
1474 1363 1722 1424 tempore,
1760 1360 1848 1410 sed
1874 1361 2196 1427 potissimum

655 1445 863 1513 quando
897 1444 1126 1497 Ecclesia
1148 1445 1468 1513 gravioribus
1494 1452 1765 1512 quassatur
1785 1450 2192 1515 tempestatibuS,

653 1534 830 1587 oculos
854 1540 1154 1586 convertant
1174 1535 1238 1585 ad
1262 1534 1396 1585 hanc
1439 1534 1747 1586 Cathedram
1768 1535 1926 1599 Petri,
1949 1544 1978 1566 ‘⁶
2004 1538 2095 1604 qui
2117 1544 2197 1591 est

652 1629 800 1692 petra
840 1629 891 1675 et
934 1623 1140 1691 crepido
1181 1622 1379 1674 cathol?
1417 1641 1459 1675 ae
1506 1622 1766 1689 Ecclesiae,
1812 1632 1864 1676 et
1884 1632 2031 1678 rectae
2068 1625 2192 1678 fidei

650 1710 1092 1774 fundamentum‚”
1116 1711 1331 1782 (Concil.
1367 1709 1528 1778 Calc.)
1548 1712 1685 1763 unde
1700 1713 1912 1765 unitatis
1930 1713 2075 1782 vigor
2094 1731 2193 1782 per

647 1806 817 1854 totum
842 1800 1083 1853 Ecclesiae
1106 1817 1288 1868 corpus
1312 1799 1630 1852 diffunditur.

876 1942 1283 1995 IL--Decretum
1303 1941 1361 1993 de
1382 1942 1641 1993 Breviario
1659 1957 1719 1991 ac
1745 1941 1959 1993 Missali.

712 2067 881 2119 Juxta
917 2066 1347 2119 Constitutionem
1388 2083 1425 2117 s.
1451 2064 1713 2117 memoriae
1738 2065 1819 2116 Pii
1841 2065 1927 2127 V.,
1950 2065 2038 2132 qui
2063 2066 2188 2118 Bre-

642 2156 804 2209 viaria
825 2162 878 2208 et
900 2155 1146 2217 Missalia,
1171 2155 1227 2205 in
1246 2171 1397 2206 usum
1436 2153 1778 2205 Ecclesiarum
1818 2154 2015 2205 romani
2038 2153 2182 2215 ritus,

643 2246 710 2297 ad
749 2251 979 2296 mentem
1023 2243 1240 2295 Concilii
1277 2242 1567 2294 Tridentini
1606 2242 1926 2294 emendatius
1967 2243 2179 2304 edend0‚

641 2333 867 2387 abolevit
909 2349 1251 2400 quaecumque
1289 2332 1390 2383 alia
1426 2330 1508 2382 vel
1548 2329 1853 2396 antiquiora,
1897 2330 1978 2381 vel
2005 2330 2184 2397 quovis

640 2422 912 2492 privilegio
932 2422 1149 2482 munita,
1183 2419 1264 2472 vel
1289 2421 1353 2471 ab
1379 2419 1642 2486 Episcopis
1681 2418 1735 2469 in
1757 2418 1859 2470 suis
1880 2419 2183 2471 dioecesibus

641 2512 960 2581 pervulgata,
1002 2510 1100 2562 nisi
1119 2509 1361 2561 dioeceses
1387 2526 1416 2559 a
1461 2507 1541 2558 bis
1585 2513 1791 2558 centum
1832 2507 2007 2558 saltem
2035 2508 2183 2560 annis

639 2603 719 2655 uti
743 2601 1126 2654 consuevissent
1147 2599 1400 2651 breviario
1421 2605 1509 2649 aut
1534 2596 1730 2649 missali
1749 2598 1810 2648 ab
1825 2595 1927 2647 illis
1945 2597 2141 2649 diverso
2161 2608 2182 2651 3

638 2692 912 2745 statuimus
960 2689 1272 2742 breviarium
1314 2694 1367 2739 et
1387 2686 1589 2752 missale
1628 2702 1910 2745 romanum,
1925 2684 2032 2753 jam
2057 2685 2180 2737 olim

637 2782 694 2835 in
738 2780 972 2833 Ecclesia
994 2777 1317 2837 Quebecensi
1355 2781 1575 2843 recepta,
1623 2775 1687 2825 ab
1732 2772 1965 2824 omnibus
1989 2779 2177 2826 nostrae

635 2869 917 2942 provinciae
942 2868 1184 2920 Ecclesiis
1227 2866 1488 2927 servanda‚'
1513 2862 1699 2916 additis
1722 2862 1898 2913 officiis
1915 2862 2023 2931 jam
2064 2880 2179 2914 con-

638 2959 792 3030 cessis
817 2965 867 3011 et
889 2964 1066 3028 postea
1091 2954 1427 3009 concedendis
1452 2972 1481 3006 a
1505 2953 1553 3005 S.
1582 2952 1711 3004 Sede
1746 2968 1837 3018 pro
1856 2950 1953 3002 hac
1976 2951 2178 3020 provin·

638 3052 717 3105 cia
736 3072 749 3114 3
778 3051 929 3104 salvis
953 3061 1125 3103 tamen
1145 3049 1498 3119 religiosorum
1516 3040 1811 3112 privilegiis.
1852 3040 1982 3093 Haec
2004 3052 2179 3100 autem
