2576 3536
1207 325 1558 364 rnovmcum
1585 327 1619 363 1.
2117 311 2178 365 61

643 466 704 513 ut
722 456 1072 513 catechesibus
1091 451 1498 514 dominicalibus,
1514 451 1695 504 saltem
1709 467 1802 519 per
1814 466 1977 504 unum
1992 468 2184 504 annum

645 553 763 618 post
781 552 1068 614 susceptam
1082 544 1248 613 prima
1266 542 1377 596 vice
1398 540 1822 601 communionem,
1832 540 1982 607 pueri
2001 540 2184 604 adsint,

644 641 705 689 ut
727 634 910 687 melius
936 639 1192 703 praecepta
1210 631 1309 684 Dei
1329 637 1382 684 et
1396 629 1638 682 Ecclesiae
1664 627 1908 690 ediscant,
1922 626 2188 696 fusiusque

645 725 886 794 dogmata
907 722 1173 777 catholicoe
1193 720 1314 773 fidei
1334 720 1653 772 edoceantur.

642 883 878 937 X.-De
910 880 1239 933 sacerdotibus
1274 894 1438 930 recens
1472 877 1726 939 ordinatis,
1761 877 2193 948 collationibusque

1246 984 1593 1037 ecclesiasticis,

691 1129 988 1182 Sacerdotes
1001 1144 1105 1180 non
1117 1127 1268 1179 modo
1282 1126 1472 1178 virtute
1486 1125 1574 1177 sed
1588 1125 1743 1176 etiam
1756 1124 1984 1177 doctrina
1998 1125 2191 1194 pollere

648 1219 843 1271 debent
865 1238 878 1279 ;
914 1217 1054 1270 labia
1093 1216 1230 1268 enim
1253 1213 1540 1267 'sacerdotis
1579 1212 1868 1265 custodiant
1908 1213 2189 1275 scientiam,

651 1313 705 1359 et
725 1307 894 1375 legem
918 1305 1185 1372 requirent
1205 1321 1270 1356 ex
1293 1320 1380 1355 ore
1402 1302 1524 1372 ejus.
1600 1301 1823 1354 Scientia
1846 1301 2057 1368 quidem
2077 1318 2191 1354 con-

647 1412 779 1466 grua
793 1395 849 1447 in
862 1393 1156 1447 Seminariis
1169 1393 1494 1444 instruuntur
1507 1410 1520 1452 3
1539 1389 1713 1442 nullus
1733 1396 1907 1442 tamen
1919 1389 2192 1453 existimet,

650 1484 831 1537 ordine
849 1483 1230 1551 presbyteratus
1256 1484 1506 1547 suscept0,
1550 1496 1602 1531 se
1626 1478 1910 1530 studiorum
1944 1496 2066 1531 cura
2082 1479 2191 1549 jam

649 1590 760 1624 esse
784 1570 1090 1623 absolutum.
1164 1569 1341 1626 Quum
1366 1566 1501 1619 enim
1524 1568 1587 1618 ad
1611 1584 1809 1618 sacrum
1834 1566 2065 1634 regimen
2088 1567 2193 1619 ani-

649 1677 850 1714 marum
869 1658 1027 1714 venit.
1052 1665 1176 1710 tunc
1201 1657 1361 1726 magis
1382 1674 1439 1708 ac
1459 1657 1621 1725 magis
1641 1657 1903 1708 attendere
1923 1657 2023 1709 sibi
2040 1658 2195 1710 debet

590 1822 593 1824 K
649 1756 703 1803 et
725 1748 987 1802 doctrinae.
1037 1747 1154 1798 Nisi
1178 1746 1314 1798 enim
1339 1744 1484 1797 novis
1508 1755 1559 1798 et
1581 1744 1686 1797 fere
1713 1744 2023 1811 quotidianis
2039 1745 2196 1797 instet

652 1837 853 1900 studiis,
897 1854 1012 1904 quae
1038 1835 1284 1887 didicerat
1326 1833 1469 1886 brevi
1505 1852 1535 1885 a
1579 1840 1753 1885 mente
1807 1832 2097 1894 elabuntur,
2145 1838 2197 1886 et

651 1943 821 1980 caecus
842 1924 1008 1978 factus
1032 1923 1180 1978 caecis
1198 1924 1441 1975 ducatum
1479 1927 1740 1990 praestanS‚
1798 1937 1917 1972 cum
1941 1920 2014 1973 eis
2047 1920 2105 1972 in
2126 1919 2196 1973 fo-

651 2033 801 2069 veam
825 2015 986 2067 cadet.

723 2121 884 2174 Hisce
907 2119 1090 2173 studiis
1110 2125 1169 2171 ut
1184 2117 1354 2170 faveat
1377 2115 1680 2177 Concilium,
1705 2112 1933 2166 decernit
1954 2118 2015 2164 ut
2037 2129 2197 2165 sacer-

655 2212 817 2273 dotes,
863 2226 1041 2262 recens
1096 2205 1335 2268 ordinati,
1414 2202 1637 2256 examini
1692 2218 1846 2269 supra
1918 2199 2198 2269 theologiae

655 2298 870 2353 materia
889 2297 1034 2367 prius
1057 2296 1329 2365 assignata,
1347 2309 1518 2345 coram
1536 2291 1789 2359 Episcopo
1811 2288 1896 2341 vel
1919 2288 2031 2358 ejus
2068 2286 2200 2340 dele-

655 2388 793 2459 gatis
809 2385 1083 2455 quotannis
1106 2383 1391 2445 subeundo,
1405 2397 1497 2449 per
1517 2376 1912 2447 quadriennium
1931 2376 2200 2445 subjician-

656 2485 760 2539 tur,
780 2483 848 2538 et,
873 2476 1053 2528 eodem
1071 2471 1316 2540 temporis
1336 2469 1515 2538 spati0,
1539 2466 1755 2537 singulis
1770 2466 1931 2529 anniS,
1944 2466 2070 2517 duas
2084 2480 2199 2516 con-

661 2566 834 2619 ciones
852 2563 1067 2632 scriptas
1091 2561 1345 2630 Episcopo
1368 2575 1458 2612 suo
1483 2556 1777 2610 exhibeant.

728 2670 1009 2739 Episcopos
1046 2684 1168 2721 vero
1205 2666 1443 2718 hortatur
1483 2667 1544 2715 ut
1588 2668 1838 2730 quantum
1866 2658 1979 2711 fieri
2014 2662 2199 2726 potest,

659 2760 959 2815 collationes
982 2757 1047 2810 de
1064 2757 1219 2809 rebus
1233 2752 1588 2807 ecclesiasticis
1609 2768 1640 2802 a
1660 2747 1967 2817 presbyteris
1989 2746 2128 2800 inter
2146 2762 2202 2800 se

659 2850 924 2904 habendas
962 2846 1251 2907 instituant,
1296 2859 1484 2910 easque
1507 2846 1568 2894 ut
1586 2840 1725 2891 bene
1749 2843 1799 2890 et
1819 2835 2051 2888 ordinate
2073 2835 2202 2887 fiant

660 2935 858 3009 regulis
893 2936 1146 2990 muniant.
1234 2933 1285 2985 A
1324 2930 1671 2985 sacerdotibus
1716 2931 1888 2978 autem
1928 2923 2020 2991 qui
2062 2922 2204 2975 hisce

662 3026 1023 3084 collationibus
1039 3025 1288 3078 interesse
1303 3038 1409 3074 non
1426 3019 1671 3073 valebunt
1687 3014 1940 3084 exigatur,
1956 3018 2019 3065 ut
2039 3027 2202 3080 quaes-
