2592 3568
1183 336 1537 378 novimum
1571 340 1606 379 1.
1664 358 1671 370 ›
2103 325 2160 378 n

621 463 765 527 cher,
799 461 1089 533 Episcopus
1112 462 1382 519 Territorii
1394 462 1552 534 vulgo
1569 463 1696 519 dicti
1714 464 1879 518 Nord-
1886 465 2052 528 Οιιοετ,
2070 464 2169 518 Ar·

624 550 941 622 chiepiscopi
982 550 1339 611 Quebecensis
1382 550 1751 621 suffraganeus,
1784 567 1986 605 necnon
2027 552 2166 606 Rmi.

626 639 925 712 Gulielmus
941 640 1142 704 Fraser,
1176 639 1465 709 Episcopus
1487 638 2171 702 Arichatensis,‘Gulielmus

628 728 861 791 Dollard,
917 728 1204 798 Episcopus
1265 727 1319 781 N
1321 727 1739 792 ovi-Brunswiki‚
1780 734 1838 782 et
1880 727 2175 782 Gulielmus

628 816 834 881 Walsh,
891 818 1178 886 Episcopus
1219 815 1592 880 Halifaxensis,
1654 831 1874 884 quorum
1932 816 2176 870 dioeceses

630 912 754 960 sunt
771 911 921 959 extra
939 905 1131 958 limites
1151 904 1443 959 Provinciae
1462 904 1834 960 Ecclesiasticae
1875 905 2176 964 Quebecen-

632 994 717 1056 sis,
755 993 846 1060 qui
868 998 1043 1046 tamen
1066 992 1261 1046 virtute
1282 992 1592 1061 supradictae
1647 993 1818 1047 Bullae
1858 994 2176 1062 provinciam

631 1080 1025 1135 ecclesiasticam
1050 1080 1313 1150 erigentis,
1348 1097 1575 1150 praesens
1610 1080 1898 1136 Concilium
1921 1083 2062 1136 adire
2104 1089 2177 1136 te-

633 1169 907 1222 nebantur.
980 1170 1179 1222 Aberat
1197 1169 1352 1222 etiam
1388 1169 1665 1222 admodum
1703 1170 1831 1223 Rev.
1858 1171 2179 1241 *Alexander

634 1256 827 1320 Tache,
865 1253 1156 1326 ‘Episcopus
1202 1257 1490 1312 Aratiensis
1538 1257 1747 1322 electus,
1806 1264 1859 1313 et
1901 1260 2181 1329 supradicti

636 1345 776 1400 Rmi.
798 1345 1040 1414 Episcopi
1063 1345 1393 1400 Provencher
1415 1346 1696 1417 Coadjutor
1716 1364 1837 1401 cum
1858 1346 2034 1402 futura
2071 1365 2181 1403 suc-

636 1435 864 1489 cessione
897 1434 1212 1504 designatus.

708 1521 923 1576 Litteris
944 1522 1078 1577 datis
1100 1522 1185 1575 die
1207 1521 1460 1592 vigesima
1482 1528 1627 1576 sexta
1645 1522 1777 1576 Maii
1793 1524 2029 1593 proxime
2049 1524 2184 1595 elap-

638 1612 703 1676 si,
730 1627 787 1664 se
806 1610 1013 1663 infirma
1048 1610 1345 1665 valetudine
1364 1617 1419 1664 et
1463 1610 1648 1664 itinere
1690 1611 1911 1682 longiori
1945 1612 2187 1683 impediri

641 1698 772 1769 quin
818 1698 1051 1752 Concilio
1111 1699 1312 1753 adesset
1357 1699 1596 1769 exposuit
1640 1699 1880 1755 Revmus.
1896 1700 2186 1771 Episcopus

641 1787 987 1842 Provencher.

711 1876 899 1946 Rmus.
923 1876 1210 1945 Episcopus
1235 1875 1470 1940 Dollard,
1503 1875 1690 1930 litteris
1726 1876 1861 1929 datis
1900 1876 1985 1931 die
2008 1875 2191 1945 quinta

643 1964 835 2019 mensis
857 1964 1369 2036 Augusti,respondit
1387 1981 1460 2028 se,
1482 1965 1548 2018 ob
1561 1964 1810 2019 instantia
1826 1964 2034 2035 negotia
2050 1965 2192 2019 haud

645 2064 795 2124 posse
814 2053 1108 2107 Concilium
1131 2053 1284 2106 adire.

717 2142 856 2201 Rmi.
875 2142 1123 2211 Episcopi
1142 2142 1328 2195 Fraser
1348 2146 1402 2195 et
1421 2140 1608 2194 Walsh
1629 2140 1833 2195 nullum
1865 2140 2052 2195 litteris
2075 2158 2193 2195 con·

645 2231 950 2287 vocantibus
971 2247 1273 2299 responsum
1295 2230 1562 2283 dederunt.

718 2318 1061 2374 Praesumitur
1084 2320 1223 2387 quod
1256 2319 1533 2371 admodum
1555 2317 1890 2370 Reverendus
1911 2317 2196 2388 Episcopus

649 2407 939 2464 Aratiensis
961 2407 1156 2461 electus
1173 2408 1230 2459 in
1253 2405 1495 2460 missione
1516 2405 1671 2476 longe
1693 2406 1872 2459 dissita
1892 2407 2086 2477 degens
2122 2424 2196 2460 se·

650 2492 761 2551 rius
783 2503 843 2550 ut
866 2496 1032 2551 adiret
1050 2495 1341 2550 Concilium
1363 2495 1565 2549 litteras
1587 2494 1964 2548 convocationis
1988 2495 2195 2564 recepit.

725 2589 1087 2643 Va-Peracto
1122 2588 1360 2646 examine
1401 2586 1738 2656 delegationis
1772 2585 1999 2655 Capituli
2041 2586 2197 2639 eccle-

656 2678 749 2734 siae
785 2677 1091 2731 cathedralis
1127 2675 1628 2745 Marianopolitanae,
1665 2681 1910 2742 tanquam
1953 2674 2201 2727 Procura-

629 2761 631 2763 ’
655 2774 742 2823 tor
781 2766 909 2822 dicti
952 2765 1165 2836 capituli
1211 2765 1463 2819 admissus
1507 2770 1584 2818 est
1626 2764 1753 2817 Rev.
1802 2763 1839 2815 J
1841 2762 2060 2831 osephus
2102 2762 2202 2815 La-

657 2857 860 2925 quue,
898 2856 1173 2910 canonicus
1195 2852 1615 2924 poenitentiarius
1639 2851 1764 2905 dicti
1783 2850 2012 2919 capituli.

731 2945 1128 3014 VL—Insuper
1162 2943 1370 2998 admissi
1408 2948 1531 2996 sunt
1565 2949 1813 3009 tanquam
1855 2938 2107 3009 Theologi
2154 2945 2206 2991 et

658 3033 990 3089 Canonistae:
