2600 3520
1230 305 1587 343 Pnovmcum.
1620 307 1654 342 1.
2180 291 2252 346 87

711 427 1141 490 Archiepiscopalis
1176 427 1400 476 Ecclesiae
1436 427 1770 483 Quebecensis.
1853 429 1974 478 Haec
2014 429 2250 489 volumus,

706 507 979 564 statuimus,
999 505 1297 565 mandamus,
1319 506 1618 556 decernentes
1637 508 1723 555 has
1742 507 1925 555 litteras
1947 507 2113 567 firmas,
2132 508 2249 556 vali-

711 584 797 631 das
820 594 867 631 et
882 583 1089 631 efficaces
1127 587 1342 643 existere,
1364 594 1410 633 et
1442 586 1555 644 iore,
1583 601 1781 648 suosque
1802 585 2035 647 plenarios
2063 596 2109 634 et
2127 588 2248 636 inte-

706 676 818 722 gros
849 662 1038 709 effectus
1067 664 1233 720 sortiri,
1277 673 1323 711 et
1358 662 1583 723 obtinere,
1615 664 1781 725 iisque,
1817 663 1878 711 ad
1898 679 2016 725 quos
2038 674 2250 726 spectant

707 741 873 801 quovis
894 749 1100 801 tempore
1116 741 1359 803 suffragari
1380 742 1540 802 sicque
1558 742 1608 788 in
1630 742 1879 803 praemissis
1899 758 1980 798 per
1999 757 2248 803 quoscum-

708 833 801 879 que
821 817 1006 879 Judices
1027 818 1280 865 ordinarios
1302 828 1350 866 et
1370 818 1623 881 delegatos,
1644 821 1785 867 etiam
1807 835 2051 868 causarum
2072 819 2247 868 Palatii

707 895 880 957 Aplici.
899 895 1151 954 auditores,
1171 913 1223 944 ac
1245 895 1292 943 S.
1316 896 1371 942 R.
1394 895 1451 943 E.
1500 896 1786 954 Cardinales,
1808 896 1995 945 sublata
2015 898 2083 945 eis
2102 906 2149 945 et
2169 913 2246 944 eo-

705 990 812 1021 rum
834 973 1030 1022 cuilibet
1058 975 1222 1034 quavis
1243 974 1379 1022 aliter
1392 974 1636 1036 judicandi
1668 986 1715 1023 et
1734 976 2068 1037 interpretandi
2097 977 2246 1024 facul-

701 1062 799 1100 tate
816 1061 862 1099 et
877 1061 1026 1098 aucte.
1038 1051 1241 1112 judicari
1263 1068 1318 1099 ac
1336 1051 1518 1098 definiri
1534 1052 1715 1111 debere,
1732 1054 2005 1115 irritumque
2021 1063 2068 1101 et
2089 1056 2245 1113 inane,

703 1128 941 1191 quidquid
963 1145 1095 1177 secus
1130 1146 1267 1191 super
1286 1131 1362 1177 his
1384 1147 1411 1177 a
1442 1146 1677 1191 quoquam
1697 1133 1861 1192 quavis
1882 1143 2025 1179 aucte·
2044 1134 2245 1179 scienter

702 1207 781 1255 vel
802 1208 1071 1268 ignoranter
1105 1209 1353 1269 contigerit
1375 1210 1606 1256 attentari.
1668 1208 1776 1256 Non
1809 1208 1973 1257 obstan
1996 1227 2006 1255 ε
2070 1209 2243 1258 Nostra

700 1296 749 1334 et
803 1284 1132 1344 Cancellarioe3
1177 1296 1263 1334 etc·
1359 1285 1538 1333 Datum
1584 1286 1744 1333 Romae
1789 1287 1865 1335 die
1915 1286 2049 1335 VIII
2095 1287 2234 1335 Junii

700 1363 897 1411 MDCC
904 1364 1061 1411 CLII.

698 1494 891 1527 PETITIO
916 1496 977 1527 DE
1011 1495 1280 1528 ELECTIONE
1311 1495 1627 1528 COADJUTORIS
1661 1496 2235 1536 MARIANoPoLI'rANENSIS.

865 1578 1179 1628 Sanctis-simo
1204 1578 1416 1630 Domino
1441 1577 1623 1629 Nostro
1648 1578 1746 1629 Pio
1769 1578 1928 1646 Papae
1954 1578 2063 1630 IX.

696 1681 1016 1734 BEAT1ss1Mr:
1040 1683 1237 1745 PATER,

763 1787 897 1838 Cum
914 1787 1026 1856 jam
1063 1787 1333 1840 Sanctitati
1362 1788 1562 1840 Vestrae
1600 1788 2053 1856 supplicaverimus
2076 1794 2135 1841 ut
2157 1805 2235 1842 re-

691 1873 868 1943 gimen
886 1892 1035 1928 novae
1059 1875 1309 1929 Dioecesis
1346 1875 1393 1928 S.
1421 1876 1721 1944 Hyacinthi,
1759 1878 1904 1947 cujus
1927 1877 2235 1931 erectionem

689 1962 930 2031 petimuS,
957 1962 1124 2016 Illmo.
1152 1982 1209 2016 ac
1232 1964 1380 2015 Rmo.
1415 1965 1451 2015 J
1452 1964 1605 2017 oanni
1647 1965 1829 2017 Carolo
1853 1966 2052 2027 Prince,
2087 1966 2235 2033 Epis·-

687 2067 817 2118 copo
854 2051 1393 2120 Martyropolitanensi
1441 2070 1500 2104 ac
1523 2052 1677 2105 Illmi.
1723 2060 1774 2105 et
1820 2054 1954 2106 Rmi.
1982 2053 2223 2122 Episcopi

687 2137 1260 2207 Marianopolitanensis
1316 2140 1627 2210 coadjutori,
1678 2140 1907 2195 conferre
1971 2143 2229 2212 dignetur,

684 2243 827 2280 nunc
865 2226 1199 2280 sanctitatem
1242 2229 1483 2281 Vestram
1509 2230 1654 2281 enixe
1695 2247 1934 2299 rogamus
1962 2238 2023 2282 ut
2060 2231 2227 2283 eidem

691 2314 941 2383 Episcopo
999 2315 1544 2384 Marianopolitanensi
1601 2317 1819 2370 alterum
1863 2318 2229 2386 Coadjutorem

683 2418 794 2456 cum
802 2401 991 2469 futura
1014 2406 1327 2466 successione,
1347 2421 1448 2471 quo
1486 2406 1653 2457 adhuc
1676 2411 1884 2474 propter
1903 2408 2123 2474 corporis
2143 2408 2227 2459 de-

680 2490 939 2543 bilitatem
964 2490 1111 2544 valde
1131 2492 1345 2561 indiget,
1365 2493 1590 2563 benigne
1617 2494 1894 2547 concedere
1912 2495 2048 2548 velit.

751 2579 841 2631 Ad
870 2580 970 2632 hoc
990 2597 1178 2632 munus
1223 2581 1493 2634 Sanctitati
1521 2583 1725 2636 Vestrae
1747 2589 1992 2651 tanquam
2015 2584 2224 2636 idoneos

677 2666 967 2720 humillime
1001 2670 1413 2722 commendamus
1454 2673 1484 2704 ³¹⁵
1521 2679 1549 2709 ἦε
1584 2678 1630 2733 ³⁶,
1667 2678 1726 2725 ut
1761 2689 1826 2724 ex
1861 2672 1946 2734 eis,
1966 2671 2009 2724 si
2045 2689 2224 2741 oppor-

677 2763 865 2811 tunum
892 2756 1214 2826 judicaverit,
1237 2775 1372 2810 unus
1405 2758 1662 2828 seligatur.

747 2846 905 2903 Quod
929 2846 994 2898 de
1014 2845 1339 2915 indulgentia
1362 2846 1655 2901 Sanctitatis
1677 2848 1877 2901 Vestrae
1899 2864 2181 2916 speramus·

749 2934 1027 2988 Provincia
1045 2934 1349 2998 Canadensi,
1372 2952 1547 2989 mense
1571 2935 1781 2989 Octobri
1808 2936 1952 2989 1851.

1987 3037 2105 3058 ⁸00

2559 835 2579 1240 oez„=1‡-Z‘L-{;<«2Laeel,.·sv.„„„·,;x—=.=.1.-e==t·“
2560 729 2579 846 ‘sabe-aa«
2560 585 2581 722 &M
2571 617 2574 647 -«
2570 535 2580 586 »Α
2562 442 2583 509 ’,ῑςς
2571 367 2573 369 ·
2575 305 2581 314 »
2580 285 2581 288 Α
2574 243 2576 246 -
2575 193 2576 196 Α
2573 144 2577 166 ⁶*
2563 78 2584 125 ᾆξ’,
2583 52 2584 58 ᾼ
