2608 3632
1196 346 1552 384 raoni-tcum
1581 347 1613 384 ι.
2104 336 2178 388 49

628 472 967 527 celebrationi
1002 473 1185 525 devote
1209 471 1464 534 intersint,
1506 471 1752 525 facientes
1790 474 2176 540 obsecrationes,

627 562 888 617 orationes
907 568 959 614 et
978 560 1346 630 postulationes
1366 577 1458 628 pro
1483 559 1713 613 Ecclesia
1736 561 1922 615 Sancta
1941 564 2056 627 Dei,
2082 583 2175 634 pro

630 650 802 705 SSmo.
844 650 999 704 Patre
1033 649 1223 703 Nostro
1247 649 1343 701 Pio
1387 650 1530 718 Papa
1555 649 1676 712 IX.‚
1704 666 1798 718 pro
1841 651 2043 720 Regina
2064 669 2177 707 nos-

629 745 727 801 tra,
750 756 842 807 pro
884 738 1312 806 gubernatoribus
1336 744 1389 791 et
1434 738 1634 791 caeteris
1658 739 1748 806 qui
1783 739 1838 790 in
1862 740 2177 795 sublimitate

630 827 897 881 constituti
935 833 1070 889 sunt,
1110 833 1162 880 et
1199 843 1291 894 pro
1315 826 1555 878 omnibus
1597 825 1905 891 hominibus,
1945 835 2005 881 ut
2043 835 2179 883 tran-

632 916 848 985 quillam
870 921 922 968 et
958 915 1185 983 quietam
1208 914 1367 967 vitam
1391 931 1619 983 agamus,
1644 933 1769 983 pace
1791 914 2023 969 fruamur
2046 923 2099 971 et
2121 918 2179 970 fi-

630 1004 718 1057 dei
738 1008 1075 1073 augmentum
1094 1002 1371 1054 videamus.
1444 1002 1705 1056 Praeterea
1727 1004 1963 1058 hortatur
1984 1005 2100 1059 illos
2118 1011 2179 1060 ut

624 1093 869 1164 jejunent
904 1091 1120 1160 singulis
1141 1090 1297 1143 sextis
1320 1089 1477 1153 feriiS,
1500 1090 1558 1142 in
1598 1093 1893 1145 memoriam
1919 1094 2178 1148 Passionis

630 1180 861 1243 Domini,
886 1179 1227 1246 omnibusque
1250 1179 1431 1231 diebus
1454 1196 1633 1232 mensa
1651 1179 1839 1250 frugali
1861 1188 2087 1236 utantur.

702 1271 786 1333 Et,
803 1269 1047 1338 quoniam
1061 1274 1261 1336 oportet
1270 1267 1550 1336 Episcopos
1571 1267 2042 1337 irreprehensibiles
2052 1288 2177 1334 esse,

631 1359 868 1413 hortatur
889 1358 1042 1411 etiam
1066 1356 1181 1409 illos
1205 1362 1258 1409 et
1280 1356 1578 1409 obsecratur
1601 1356 1656 1408 in
1673 1357 1895 1410 Domino
1911 1365 1971 1411 ut
1990 1359 2175 1412 otiosas

632 1447 1080 1502 sermocinationes
1101 1444 1277 1497 sedulo
1301 1445 1546 1507 devitent,
1572 1444 1691 1498 vitae
1712 1445 2005 1500 innocentia
2029 1455 2080 1501 et
2102 1448 2179 1500 in-

631 1536 890 1605 tegritate,
925 1535 1043 1596 fide,
1087 1532 1334 1601 religione
1359 1538 1411 1585 et
1453 1533 1645 1600 pietate
1664 1535 1997 1603 omniumque
2021 1536 2178 1590 virtu-

633 1631 748 1679 tum
771 1628 1073 1675 ornamento
1111 1619 1467 1689 praefulgeant,
1489 1621 1565 1674 ita
1583 1628 1642 1674 ut
1664 1623 1717 1673 in
1739 1624 1975 1677 omnibus
1997 1625 2178 1678 hones-

633 1718 793 1776 tatem
817 1728 927 1780 prae
966 1728 1019 1763 se
1043 1709 1224 1771 ferant,
1270 1708 1402 1762 sicut
1422 1710 1570 1762 decet
1592 1711 1849 1764 ministros
1873 1714 1972 1765 Dei
1993 1720 2177 1782 myste-

632 1801 844 1855 riorum.

704 1889 838 1941 Cum
862 1892 1034 1941 autem
1060 1887 1250 1957 Synodi
1273 1887 1600 1955 provincialis
1621 1904 1802 1956 scopus
1828 1896 1924 1951 est,
1942 1896 2002 1942 ut
2026 1889 2179 1942 Sacra

634 1976 982 2031 Conciliorum
1007 1976 1438 2043 Summorumque
1461 1975 1773 2029 Pontificum
1809 1978 2011 2030 decreta
2033 1996 2179 2030 reno-

632 2072 820 2121 ventur
857 2072 910 2118 et
933 2064 1301 2126 custodiantur,
1333 2064 1450 2117 illos
1491 2071 1670 2118 monet
1707 2082 2028 2134 summopere
2052 2066 2179 2135 ipsis

633 2155 919 2209 curandum
939 2171 1048 2206 esse
1065 2158 1125 2205 ut
1149 2171 1210 2205 ea
1229 2159 1463 2205 accurate
1488 2151 1793 2216 referantur,
1833 2154 2044 2224 adjectis
2068 2155 2180 2222 qui-

631 2243 868 2305 busdam,
899 2242 944 2295 si
979 2258 1108 2311 opus
1150 2248 1242 2304 est,
1291 2240 1725 2310 explicationibus
1744 2261 1758 2303 ;
1797 2241 1871 2294 ita
1910 2248 2085 2294 tamen
2119 2248 2181 2296 ut

632 2349 741 2385 non
761 2331 1032 2384 recedatur
1072 2346 1303 2397 unquam
1328 2347 1360 2381 a
1381 2336 1555 2382 mente
1585 2328 1787 2383 Sanctae
1812 2330 2056 2383 Ecclesiae
2081 2331 2180 2384 Ro-

632 2437 819 2484 manae,
840 2425 1127 2473 ceterarum
1146 2418 1493 2472 Ecclesiarum
1517 2417 1697 2470 matris
1722 2435 1782 2470 ac
1805 2418 2072 2486 magistrae.

704 2509 770 2561 In
791 2507 1061 2561 sententiis
1081 2525 1204 2560 vero
1229 2506 1458 2559 dicendis
1481 2505 1657 2559 nullus
1682 2506 1868 2559 audeat
1890 2514 1981 2558 aut
2003 2505 2179 2559 immo-

632 2597 761 2650 dicis
800 2597 971 2651 verbis
993 2603 1332 2665 perstrepere,
1378 2601 1467 2648 aut
1511 2595 1821 2648 tumultibus
1863 2595 2183 2663 perturbare„

633 2686 853 2741 variisve
897 2691 949 2739 et
1004 2685 1274 2739 obstinatis
1318 2683 1779 2753 disceptationibus
1835 2683 2143 2736 contendere
2162 2702 2179 2746 ς.

634 2776 727 2828 sed
748 2791 927 2827 omnes
964 2775 1030 2827 ad
1048 2774 1265 2844 gloriam
1308 2774 1411 2826 Dei
1434 2780 1487 2826 et
1526 2772 1811 2825 animarum
1850 2771 2002 2824 saluti
2025 2772 2177 2825 unice

636 2864 1006 2933 conspirantes,
1049 2881 1167 2916 cum
1188 2862 1439 2916 modestia
1481 2868 1535 2915 et
1556 2861 1713 2913 animi
1753 2860 1979 2922 lenitate,
2026 2865 2185 2928 prout

635 2952 858 3022 Spiritus
876 2952 1095 3005 Sanctus
1112 2952 1256 3005 dabit
1271 2950 1459 3019 eloqui,
1476 2950 1763 3019 opportune
1778 2955 1976 3002 servato
1986 2949 2181 3012 ordine,

635 3041 900 3112 proferant
922 3041 1207 3110 opiniones,
1245 3041 1301 3093 in
1325 3039 1612 3093 actionibus
1650 3043 1757 3091 tam
1780 3037 1992 3107 privatis
2026 3055 2183 3105 quam

1408 3128 1442 3163 n
