2576 3568
1150 321 1509 360 noviacum
1540 323 1576 360 1.
2101 310 2171 367 23

704 460 861 516 Dicto
883 462 1065 532 Aquas
1098 463 1218 528 Dei,
1238 462 1726 519 Reverendissimus
1737 466 2021 539 Episcopus
2060 469 2175 525 Ma-

633 550 1127 621 rianopolitanensis‚
1163 553 1608 609 Reverendissimo
1641 551 1894 628 Episcopo
1928 558 2177 631 Kingsto-

632 638 804 694 niensi
824 641 1086 712 impedito,
1106 660 1138 697 a
1172 642 1421 713 praefecto
1456 644 1877 699 caeremoniarum
1916 647 1982 700 ad
2016 647 2177 703 altare

633 730 951 800 perducitur„
974 738 1028 786 et
1051 737 1317 802 acceptum
1343 750 1375 786 a
1398 732 1847 787 Reverendissimo
1884 735 2178 807 Archiepisa

635 833 763 888 copo
785 819 1020 873 osculum
1043 821 1184 890 pacis
1206 821 1364 875 tradit
1385 820 1588 875 coeteris
1611 821 1868 876 Patribus.

705 924 983 979 Ordinatio
1006 927 1157 979 modo
1177 927 1408 979 osculum
1427 926 1568 995 pacis
1590 926 1812 981 traditur
1832 928 2087 1001 theologis
2121 939 2176 986 et

634 1012 851 1082 reliquis
870 1013 935 1067 de
960 1014 1109 1067 clero.

705 1120 884 1175 Finita
896 1120 1073 1184 Missa,
1089 1120 1471 1189 Archiepiscopss
1481 1137 1521 1173 as
1538 1115 1769 1189 pallium,
1786 1123 2025 1188 casulam,
2037 1126 2177 1179 tuni·

636 1208 793 1263 cellas
839 1215 891 1262 et
931 1209 1253 1279 manipulum
1305 1209 1535 1277 deponit,
1583 1216 1635 1262 et
1675 1209 1899 1278 pluviale
1955 1211 2176 1267 induens

635 1299 780 1352 sedet
813 1298 872 1350 in
893 1296 1175 1352 faldistorio
1199 1299 1336 1366 quod
1371 1296 1508 1349 infra
1529 1297 1718 1368 gradus
1752 1297 1927 1352 altaris
1944 1298 2175 1364 locatur;

634 1387 859 1441 ministri
881 1404 1003 1441 vero
1023 1387 1112 1455 qui
1130 1386 1414 1441 celebranti
1433 1385 1675 1439 Pontifici
1690 1386 1978 1450 astiterunt,
1998 1389 2179 1444 sedilia

633 1492 797 1546 prope
817 1493 951 1535 eum,
975 1493 1007 1529 a
1028 1475 1224 1529 dextris
1246 1481 1299 1528 et
1318 1474 1552 1538 sinistriS,
1568 1481 1832 1544 occupant.
1870 1476 2178 1546 Disponitur

632 1563 770 1618 infra
791 1564 982 1634 gradus
1004 1562 1292 1617 Sanctuarii
1329 1579 1510 1615 mensa
1551 1569 1730 1617 ornata
1752 1580 1870 1618 cum
1905 1566 2175 1620 Sacrarum

634 1652 927 1707 Bibliorum
966 1652 1154 1715 codice,
1199 1658 1251 1705 et
1293 1668 1455 1720 prope
1479 1650 1711 1704 tabulam
1754 1668 1882 1706 crux
1904 1652 2177 1724 archiepis-

633 1741 827 1812 copalis
849 1740 1077 1813 erigitur.
1146 1740 1294 1793 Tunc
1316 1744 1592 1793 cantantur
1625 1739 1928 1810 Antiphone.
1967 1742 2181 1808 Eoeaudo·

634 1847 725 1884 nos
746 1838 854 1894 etc„
878 1836 931 1884 et
952 1829 1189 1883 Psalmus
1212 1829 1417 1883 Salvum
1439 1844 1514 1881 me
1534 1825 1635 1891 fac,
1655 1834 1737 1882 etc.

703 1936 912 1990 Psalmo
930 1936 1094 1999 finito,
1130 1935 1383 2004 repetitur
1401 1932 1706 2002 Antiphona
1727 1932 1942 1986 Exaudi
1960 1950 2048 1986 nos
2070 1942 2176 1998 etc„

636 2031 691 2080 et
712 2025 899 2079 deinde
921 2025 1219 2086 recitantur,
1235 2024 1393 2093 juxta
1414 2022 1575 2075 ritum
1596 2021 1653 2074 in
1682 2021 2024 2074 Coeremoniali
2051 2023 2176 2076 Gon-

636 2114 743 2167 cilia·
764 2114 1103 2167 Provincialis
1125 2111 1460 2180 descriptum,
1480 2126 1661 2183 preces
1679 2115 1733 2163 et
1753 2110 1933 2179 hymni
1966 2127 2085 2178 quae
2118 2111 2177 2164 in

633 2202 929 2257 Pontificali
970 2208 1215 2256 notantur
1236 2217 1330 2269 pro
1369 2199 1535 2268 prima
1558 2197 1780 2251 sessione
1814 2197 2031 2251 Concilii
2053 2199 2178 2253 Pro-

634 2291 883 2346 vincialis.

705 2397 885 2451 Sermo
905 2398 972 2449 ad
994 2396 1243 2465 populum
1266 2412 1292 2446 e
1320 2394 1473 2446 Rmo.
1496 2392 1749 2460 Episcopo
1771 2391 2055 2447 Torontino
2075 2391 2177 2448 fac-

635 2492 722 2541 tus
746 2491 838 2540 est.

705 2575 1113 2644 Promulgantur
1132 2580 1186 2626 et
1207 2590 1238 2626 a
1260 2571 1505 2625 Patribus
1529 2568 1842 2631 sanciuntur,
1885 2585 2002 2622 cum
2025 2585 2178 2623 caere-

634 2663 823 2717 moniis
842 2663 1055 2717 assuetis
1078 2663 1284 2715 decreta
1303 2677 1421 2729 quae
1446 2664 1766 2727 sequuntur:

712 2753 1109 2807 l.—-Decretum
1128 2750 1189 2803 de
1214 2739 1480 2819 aperienda
1504 2746 1699 2815 Synodo
1719 2766 1733 2808 3

707 2841 1112 2895 2.—-Decretum
1147 2838 1207 2891 de
1227 2838 1366 2892 modo
1401 2836 1597 2889 vivendi
1632 2838 1684 2888 in
1729 2834 1959 2897 Concilio,
1981 2834 2039 2887 in
2075 2851 2178 2903 quo

635 2931 1023 3002 proclamantur
1041 2928 1251 2982 nomina
1264 2925 1624 2980 officiariorum
1648 2922 1864 2978 Concilii
1881 2943 1898 2987 ;

704 3018 1195 3089 3.—Appellatione
1213 3017 1428 3070 Patrum
1454 3013 1671 3067 Consilii
1710 3012 1861 3075 facta,
1900 3013 2179 3066 Decretum
