2576 3520
1225 328 1579 368 rnovmcum
1606 331 1642 369 1.
2136 324 2204 377 ’Π

736 450 855 504 Dat.
891 451 1072 506 Romae
1093 469 1157 506 ex
1205 453 1295 507 aed.
1323 454 1370 506 d.
1392 453 1442 507 S.
1468 454 1524 508 C.
1552 456 1617 509 de
1638 456 1695 509 P.
1735 458 1879 521 Fide,
1903 460 1986 514 die
2008 466 2041 515 6
2074 461 2208 517 Julii

679 538 828 592 1852.

738 625 823 699 [L.
860 625 936 698 S.]
1076 627 1252 700 (Sign)
1354 631 1403 683 J.
1442 632 1542 686 ΡΗ.
1583 633 1734 686 Onu>
1772 634 2065 700 anzom,

1969 727 2132 795 Proefi

1652 812 1748 865 ΑΙ..
1788 815 2064 878 Binum,

1843 919 1875 954 a
1911 904 2128 956 SecretiS.

1049 1174 1338 1209 POSTULATIO
1356 1176 1419 1209 DE
1439 1178 1579 1211 NOVIS
1601 1179 1817 1214 ormena.

665 1285 981 1338 BEA'rlssmss
1006 1285 1202 1348 PATER,

710 1390 805 1442 Ut
823 1390 878 1441 in
900 1396 1005 1443 tota
1024 1398 1196 1443 nostra
1216 1392 1486 1444 Provincia
1521 1394 1847 1452 Quebecensi
1869 1397 2052 1452 laudes
2086 1401 2200 1454 Deo

660 1496 765 1530 una
783 1496 905 1530 voce
929 1480 1288 1547 persolvamuS‚
1309 1480 1418 1534 Nos
1439 1483 1868 1553 Archiepiscopus
1893 1490 2195 1546 Quebecen-

659 1567 728 1619 sis
751 1573 803 1619 et
827 1568 1065 1636 Episcopi
1086 1569 1381 1621 dioecesium
1423 1572 1466 1641 ej
1476 1573 1648 1624 usdem
1671 1575 1963 1645 provinciae,
1985 1578 2040 1628 in
2066 1578 2200 1631 Con-

660 1654 778 1708 cilio
799 1656 1110 1725 congregati‚
1132 1658 1474 1726 supplicamus
1512 1660 1781 1713 Sanctitati
1801 1662 2003 1716 Vestrae
2025 1671 2083 1718 ut
2122 1667 2195 1718 di-

658 1751 846 1814 gnetur
868 1744 1152 1814 indulgere,
1173 1755 1231 1798 ut
1255 1746 1453 1809 Officia,
1478 1747 1801 1805 Quebecensi
1826 1751 2050 1804 Dioecesi
2066 1749 2198 1821 jam·

658 1832 854 1884 dudum
894 1850 924 1884 a
961 1831 1146 1885 Sancta
1184 1834 1313 1886 Sede
1361 1851 1613 1897 concessa,
1656 1838 1836 1890 ceteris
1882 1839 2187 1894 dioecesibus

657 1920 933 1988 provinciae
955 1927 1144 1974 nostrae
1167 1923 1509 1975 concedantur
1529 1943 1541 1984 ;
1580 1930 1632 1975 et
1654 1924 1865 1993 insuper
1884 1935 1943 1979 ut
1967 1928 2067 1981 alia
2106 1930 2196 1982 Of-

656 2011 788 2073 ficia,
832 2029 1049 2078 quorum
1075 2013 1359 2081 catalogum
1383 2015 1740 2078 {adnectimuffi
1787 2019 1980 2085 possint
2000 2021 2199 2089 ubique-

657 2117 750 2168 per
770 2105 927 2151 totam
953 2107 1178 2153 nostram
1221 2101 1543 2154 Provinciam
1567 2102 1951 2159 Quebecensem
1975 2108 2195 2161 recitari.

657 2188 812 2246 Quod
852 2188 916 2239 de
956 2188 1276 2258 indulgentia
1318 2189 1611 2241 Sanctitatis
1658 2191 1863 2245 Vestrae
1903 2194 2198 2250 humillime

654 2294 931 2344 speramus,

725 2383 908 2435 Officia
927 2383 990 2433 de
1016 2383 1204 2450 quibus
1225 2383 1411 2450 agitur,
1434 2383 1548 2435 haec
1572 2389 1716 2436 sunt:

727 2471 1067 2538 Desponsatio
1091 2472 1147 2524 B.
1173 2472 1248 2523 M.
1274 2472 1342 2523 V.
1375 2472 1514 2536 dupl.
1540 2472 1659 2541 maj.
1684 2472 1719 2524 J
1722 2474 1914 2525 anuarii
1941 2478 2023 2527 23.

726 2559 776 2611 S.
798 2559 1068 2627 Polycarpi
1088 2560 1251 2627 Episc.
1282 2566 1333 2611 et
1352 2570 1498 2612 mart.
1525 2561 1665 2627 dupl.
1691 2562 1726 2613 J
1729 2563 1923 2614 anuarii
1949 2563 2031 2614 26.

725 2648 774 2700 S.
801 2647 994 2717 Ignatii
1019 2649 1113 2716 Ep.
1142 2655 1192 2701 et
1218 2656 1362 2700 mart.
1385 2649 1523 2716 dupl.
1551 2648 1818 2702 Februarii
1849 2654 1888 2703 l.

724 2736 983 2789 Orationis
1026 2738 1091 2789 D.
1119 2736 1185 2790 N.
1212 2737 1263 2790 J.
1290 2738 1346 2790 O.
1373 2737 1513 2807 dupl.
1535 2738 1655 2808 maj.
1677 2737 1805 2790 feria
1827 2738 1874 2789 6.
1897 2744 2014 2807 post
2036 2738 2190 2793 Dom.

656 2825 1072 2895 Septuagesimae.

724 2914 1017 2967 Commem:
1055 2913 1312 2967 Passionis
1352 2915 1418 2967 D.
1441 2915 1503 2967 N.
1530 2915 1581 2968 J.
1603 2913 1660 2968 O.
1685 2914 1824 2982 dupl.
1848 2915 1966 2984 maj.
1990 2913 2120 2967 feria
2156 2920 2190 2969 6

654 3012 769 3071 post
795 3004 942 3055 Dom.
970 3003 1327 3072 Sexagesimae.
