2576 3520
431 327 501 382 76
875 346 1162 383 concrmuu
1195 346 1529 387 Qunnncnnsn

498 469 721 524 Decreta
744 471 958 540 proinde
974 471 1131 541 juxta
1152 472 1401 525 hactenus
1423 471 1665 525 traditam
1688 471 1981 526 instructio-

423 575 546 612 nem
572 561 843 615 emendata
862 561 1063 631 vulgari
1102 567 1360 629 poterunt,
1385 560 1559 613 addito
1594 561 1750 614 etiam
1774 562 1820 615 S.
1847 561 1979 614 Con-

423 647 557 717 gnis.
596 649 817 702 Decreto
857 650 995 716 quod
1034 649 1116 702 his
1157 649 1343 702 litteris
1390 647 1716 719 adjungitur:
1773 666 1978 719 sperare

423 753 545 790 vero
565 736 702 799 licet,
726 754 792 789 ex
817 736 1051 806 diligenti
1073 736 1257 789 horum
1278 737 1615 790 Decretorum
1635 738 1980 805 observantia,

424 823 706 893 plurimum
725 825 964 878 utilitatis
988 825 1064 877 rei
1086 824 1354 878 catholicae
1377 825 1736 878 obventurum.

460 912 650 965 Precor
659 914 831 965 Deum
847 919 905 965 ut
913 914 988 965 Te
1007 914 1098 965 diu
1115 913 1358 983 sospitem
1366 913 1782 980 incolumemque
1793 920 1976 968 servet.

494 1000 671 1053 Romae
700 1019 766 1053 ex
792 1001 939 1055 aedib.
965 1001 1015 1054 S.
1043 1002 1099 1055 C.
1127 1002 1191 1054 de
1219 1002 1276 1054 P.
1304 1002 1448 1064 Fide,
1474 1002 1558 1053 die
1590 1005 1624 1055 8
1649 1002 1684 1054 J
1688 1002 1778 1056 ulii
1827 1002 1972 1056 1852.

424 1090 599 1158 Ampl.
632 1091 761 1145 Tuae

920 1162 1007 1214 Ad
1042 1161 1208 1214 officia
1232 1161 1582 1229 paratissimus

643 1248 822 1319 (Sign)
961 1249 996 1300 J
1001 1292 1006 1298 .
1050 1249 1151 1301 PH.
1191 1249 1341 1301 Cum
1381 1249 1675 1310 FRANzom,
1712 1246 1902 1317 ProefS.

1348 1337 1444 1390 AL.
1483 1337 1761 1400 BARNAno,

1609 1441 1641 1476 a
1678 1425 1902 1477 SecretiS.

858 1619 1156 1653 APPROBATIO
1178 1618 1525 1653 DECRETORUM.

710 1701 760 1754 8.
807 1702 1034 1770 Oonynis.
1071 1701 1132 1753 de
1165 1700 1505 1770 Propayanda
1543 1700 1686 1753 Fide.

490 1788 927 1859 Archiepiscopus
946 1797 999 1842 et
1021 1790 1263 1858 Episcopi
1306 1788 1596 1842 Provinciae
1617 1787 1974 1842 ecclesiasticae

420 1875 771 1935 Quebecensis
811 1885 872 1932 ut
891 1878 1239 1932 Ecclesiarum
1269 1878 1477 1931 illarum
1497 1877 1739 1946 regimini
1785 1876 1971 1930 melius

419 1966 763 2034 provideatur,
777 1969 1036 2037 superiore
1050 1985 1202 2030 anno,
1215 1984 1390 2020 mense
1405 1968 1661 2037 Augusto,
1679 1966 1974 2019 Provincia-

414 2052 521 2106 lem
533 2055 797 2124 Synodum
808 2058 864 2109 in
873 2057 985 2125 ipsa
1000 2056 1323 2114 Quebecensi
1337 2056 1467 2108 urbe
1482 2055 1823 2115 celebrarunt,
1839 2055 1885 2124 ej
1891 2070 1974 2106 us-

418 2143 642 2212 demque
661 2152 776 2198 acta
801 2152 854 2199 et
873 2146 1110 2208 Decreta,
1129 2161 1223 2213 per
1243 2144 1431 2213 Epum.
1448 2143 1485 2195 J
1486 2160 1707 2196 oannem
1727 2143 1973 2196 Carolum

419 2231 622 2296 Princo,
643 2234 870 2286 examini
910 2251 970 2287 ac
981 2233 1179 2304 judicio
1200 2231 1345 2285 Sedis
1361 2230 1583 2301 Aplicae]
1606 2231 1973 2283 exhibuerunt.

419 2320 581 2374 Porro
623 2322 882 2391 induplici
907 2322 1137 2392 generali
1169 2327 1441 2383 conventu,
1477 2320 1661 2372 diebus
1705 2321 1766 2373 10
1805 2338 1866 2372 ac
1909 2321 1972 2373 17

415 2408 541 2461 maii
575 2410 731 2480 hujus
755 2411 894 2473 anni,
916 2411 1046 2463 Emi.
1068 2428 1127 2486 ac
1154 2409 1290 2461 Rmi.
1317 2410 1500 2461 Patres
1536 2408 1584 2460 S.
1621 2408 1868 2478 Congnis,
1906 2408 1971 2460 de

416 2497 763 2568 Propaganda
788 2499 932 2563 Fide,
953 2499 1208 2552 referente
1228 2499 1373 2550 Emo.
1395 2515 1455 2550 ac
1478 2498 1628 2549 Rmo.
1673 2497 1760 2549 D0
1804 2497 1971 2549 Ludo-

416 2585 532 2639 vico
576 2586 726 2640 Card.
754 2588 994 2650 Altierio,
1015 2589 1218 2640 mature
1258 2587 1443 2639 iisdem
1482 2585 1609 2638 actis
1650 2603 1710 2638 ac
1734 2586 1972 2639 Decretis

414 2676 695 2744 perpensis,
730 2676 923 2745 praevia
946 2676 1211 2729 sanatione
1251 2676 1621 2745 cujuscumque
1661 2673 1893 2728 defectus
1914 2674 1973 2728 in

414 2762 760 2819 celebratione
773 2766 1003 2836 ejusdem
1014 2765 1222 2834 Synodi,
1237 2781 1354 2832 quae
1369 2764 1398 2816 a
1410 2763 1582 2816 SSmo.
1600 2763 1826 2818 Domino
1838 2764 1892 2816 N
1893 2780 1971 2817 os·

414 2856 496 2905 tro
516 2869 759 2906 concessa
783 2860 877 2917 est,
901 2854 1193 2922 supradicta
1219 2854 1458 2915 Decreta,
1482 2852 1747 2906 nonnullis
1771 2852 1982 2906 adhibi-

412 2940 483 2994 tis
525 2943 1007 3007 modificationibus,
1052 2960 1171 3011 quae
1201 2943 1450 3012 peculiari
1485 2943 1834 2997 Instructione
1869 2947 1981 2996 tra*

412 3029 633 3095 duntur,
655 3032 986 3101 approbanda
1005 3036 1330 3086 censuerunt.
