2608 3632
1234 352 1587 390 Pnovmcum
1621 354 1656 391 1.
2142 339 2214 393 43

676 479 789 528 tera
806 491 875 528 ex
893 474 1149 529 territorio
1167 476 1306 531 inter
1327 460 1385 530 S,
1403 477 1662 531 Francisci
1686 484 1738 532 et
1761 478 2017 532 Richelieu
2039 496 2215 533 amnes

677 562 890 626 inclus0,
934 565 999 617 de
1026 581 1244 632 quarum
1284 565 1538 619 erectione
1562 566 1695 619 sicut
1717 573 1772 619 et
1793 567 1857 620 de
1894 568 2213 635 promotione

678 651 1047 721 Episcoporum
1070 654 1348 722 postulatio
1373 655 1439 707 ad
1457 654 1811 723 Apostolicam
1834 655 2019 708 Sedem
2041 661 2217 724 postea

621 779 627 786 .
681 745 735 793 et
755 745 983 810 tempore
1007 748 1295 810 opportuno
1317 742 1552 796 facienda
1576 743 1686 796 erit.

750 830 949 883 Munus
991 831 1176 883 edendi
1213 831 1425 884 Rituale
1468 839 1520 884 et
1567 831 1933 886 catechismum
1979 832 2044 884 ad
2066 848 2218 885 usum

682 916 965 971 Provinciae
1007 919 1307 972 attribuitur
1341 920 1489 972 Rmo.
1531 920 1784 988 Episcopo
1823 920 2113 982 Tloanensi,
2136 919 2220 973 cui

684 1007 940 1075 adjutores
960 1014 1112 1060 erunt
1148 1007 1440 1060 Reverendi
1479 1008 1530 1060 J.
1553 1008 1613 1060 B.
1639 1009 1704 1060 A.
1749 1008 1972 1061 Ferland
1991 1014 2043 1061 et
2061 1009 2122 1061 P.
2143 1008 2217 1061 H.

686 1094 913 1157 Harkin,
949 1096 1130 1148 domus
1154 1095 1599 1164 archiepiscopalis
1631 1097 1931 1165 presbyteri,
1954 1097 2004 1149 J.
2030 1098 2088 1149 F.
2113 1097 2223 1149 Au-

683 1182 794 1251 bry,
838 1182 1108 1235 Seminarii
1150 1184 1501 1242 Quebecensis
1544 1185 1824 1253 presbyter,
1868 1191 1921 1237 et
1943 1186 2003 1237 L.
2042 1185 2221 1248 Sache,

687 1270 927 1339 Superior
947 1272 1214 1325 Societatis
1232 1273 1268 1324 J
1270 1290 1360 1325 esu
1382 1272 1436 1324 in
1458 1272 1783 1331 Quebecensi
1805 1272 2028 1327 dioecesi.

754 1359 1025 1412 Generalis
1044 1361 1166 1413 ordo
1188 1362 1506 1413 decretorum
1528 1361 1774 1414 statuitur
1798 1368 1849 1414 et
1867 1362 1952 1414 die
1973 1361 2223 1429 sequenti,

686 1446 742 1499 in
767 1448 951 1501 ultima
989 1449 1226 1512 sessione,
1255 1450 1533 1502 habebitur
1575 1450 1905 1518 proclamatio
1944 1467 2120 1503 eorum
2140 1450 2225 1502 de·

686 1542 940 1589 cretorum
963 1553 1083 1604 quae
1103 1538 1334 1590 nondum
1358 1537 1619 1605 publicata
1639 1544 1773 1591 sunt.

757 1625 1012 1678 Statuitur
1038 1643 1243 1694 quoque
1265 1626 1403 1693 quod
1422 1625 1595 1678 omnia
1629 1626 1833 1680 decreta
1850 1625 1907 1677 in
1931 1624 2127 1694 duplici
2145 1640 2225 1677 co·

689 1713 799 1766 dice
815 1714 1020 1782 scripta,
1045 1732 1075 1766 a
1096 1714 1313 1783 singulis
1329 1714 1588 1776 Patribus,
1612 1714 1818 1783 propria
1834 1731 1994 1766 manu
2009 1711 2226 1765 subscri-

688 1803 895 1865 bantur,
932 1820 1151 1870 quorum
1171 1820 1307 1854 unus
1348 1803 1413 1854 ad
1434 1803 1700 1855 Summum
1741 1802 2044 1855 Pontificem
2066 1806 2229 1853 trans-

690 1891 941 1954 mittetur,
993 1897 1045 1943 et
1088 1892 1219 1944 alter
1254 1891 1310 1943 in
1349 1890 1564 1943 Camera
1607 1889 2064 1959 Archiepiscopali,
2110 1904 2227 1941 cum

693 1983 818 2037 actis
842 1983 1060 2036 Concilii
1088 1982 1390 2036 servabitur.

759 2073 992 2125 Tandem
1013 2072 1191 2124 Rmus.
1213 2069 1703 2139 Martyropolitanus
1724 2068 2008 2137 Episcopus
2023 2066 2231 2135 eligitur

692 2167 752 2215 ut
775 2161 996 2213 Romam
1032 2161 1196 2221 adeat,
1237 2160 1435 2212 Summi
1457 2158 1723 2210 Pontificis
1762 2155 2117 2226 approbationi
2144 2156 2229 2207 de-

695 2256 836 2303 creta
857 2256 908 2302 et
931 2256 1046 2302 acta
1065 2249 1188 2301 dicti
1212 2247 1431 2301 Concilii
1450 2247 1809 2299 submissurus.

763 2340 913 2392 Hora
927 2338 1140 2401 decima,
1164 2338 1413 2390 recedunt
1432 2336 1627 2388 Patres,

1142 2527 1305 2580 Sessio
1331 2527 1472 2577 tertia
1492 2532 1542 2577 et
1557 2524 1741 2575 ultima.

769 2694 926 2745 Anno
947 2690 1159 2743 Domini
1182 2687 1453 2741 millesimo
1472 2683 1893 2755 octingentesimo
1919 2681 2236 2749 quinquage-

701 2782 829 2837 simo
849 2781 944 2851 pri1
971 2799 1031 2842 Ᾰο,
1052 2780 1134 2832 die
1157 2778 1406 2848 vigesima
1428 2782 1606 2829 octava
1623 2773 1863 2843 Augusti,
1886 2770 2015 2823 feria
2038 2768 2234 2836 quinta,

698 2871 878 2925 habita
900 2875 976 2924 est
997 2869 1053 2921 in
1077 2867 1308 2921 Ecclesia
1333 2864 1744 2933 Metropolitana,
1769 2861 1945 2913 eodem
1966 2857 2143 2910 ordine
2184 2861 2238 2909 et

701 2966 952 3030 apparatu
990 2959 1179 3026 quibus
1215 2956 1579 3025 praecedenteS,
1617 2951 1768 3005 tertia
1801 2955 1853 3002 et
1871 2948 2054 3001 ultima
2083 2945 2235 2999 sessio

698 3050 921 3104 Concilii
931 3046 1266 3101 Provincialis
1279 3042 1644 3104 QuebecensiS‚
1666 3039 1751 3093 cui
1768 3037 2114 3091 interfuerunt
2132 3051 2237 3086 om-
