<?xml version="1.0" encoding="UTF-8"?>
<!DOCTYPE html PUBLIC "-//W3C//DTD XHTML 1.0 Transitional//EN"
    "http://www.w3.org/TR/xhtml1/DTD/xhtml1-transitional.dtd">
<html xmlns="http://www.w3.org/1999/xhtml" xml:lang="en" lang="en">
 <head>
  <title>
</title>
<meta http-equiv="Content-Type" content="text/html;charset=utf-8" />
  <meta name='ocr-system' content='tesseract 3.04.00' />
  <meta name='ocr-capabilities' content='ocr_page ocr_carea ocr_par ocr_line ocrx_word'/>
</head>
<body>
  <div class='ocr_page' id='page_1' title='image "./cihm_22335_0100.png"; bbox 0 0 2560 3520; ppageno 0'>
   <div class='ocr_carea' id='block_1_1' title="bbox 0 0 108 404">
    <p class='ocr_par' dir='ltr' id='par_1_1' title="bbox 0 0 108 404">
     <span class='ocr_line' id='line_1_1' title="bbox 0 0 108 404; baseline 0 3116"><span class='ocrx_word' id='word_1_1' title='bbox 0 0 108 404; x_wconf 95' lang='lat' dir='ltr'><strong> </strong></span> 
     </span>
    </p>
   </div>
   <div class='ocr_carea' id='block_1_2' title="bbox 1142 305 1197 359">
    <p class='ocr_par' dir='ltr' id='par_1_2' title="bbox 1142 305 1197 359">
     <span class='ocr_line' id='line_1_2' title="bbox 1142 305 1197 359; baseline 0.018 -1"><span class='ocrx_word' id='word_1_2' title='bbox 1142 305 1197 359; x_wconf 83' lang='lat' dir='ltr'><strong>iv</strong></span> 
     </span>
    </p>
   </div>
   <div class='ocr_carea' id='block_1_3' title="bbox 386 446 1943 744">
    <p class='ocr_par' dir='ltr' id='par_1_3' title="bbox 386 446 1943 744">
     <span class='ocr_line' id='line_1_3' title="bbox 387 446 1943 511; baseline 0 -17"><span class='ocrx_word' id='word_1_3' title='bbox 387 462 538 507; x_wconf 84' lang='lat' dir='ltr'><strong>mans,</strong></span> <span class='ocrx_word' id='word_1_4' title='bbox 558 446 713 497; x_wconf 79' lang='lat' dir='ltr'><strong>edixit</strong></span> <span class='ocrx_word' id='word_1_5' title='bbox 746 457 804 497; x_wconf 90' lang='lat' dir='ltr'><strong>ut</strong></span> <span class='ocrx_word' id='word_1_6' title='bbox 837 447 1059 511; x_wconf 84' lang='lat' dir='ltr'><strong>deinceps</strong></span> <span class='ocrx_word' id='word_1_7' title='bbox 1092 447 1265 497; x_wconf 86' lang='lat' dir='ltr'><strong>festum</strong></span> <span class='ocrx_word' id='word_1_8' title='bbox 1286 447 1451 496; x_wconf 82' lang='lat' dir='ltr'><strong>Sancti</strong></span> <span class='ocrx_word' id='word_1_9' title='bbox 1477 446 1712 496; x_wconf 85' lang='lat' dir='ltr'><strong>Antonini</strong></span> <span class='ocrx_word' id='word_1_10' title='bbox 1734 446 1943 509; x_wconf 81' lang='lat' dir='ltr'><strong>episcopi</strong></span> 
     </span>
     <span class='ocr_line' id='line_1_4' title="bbox 388 523 1943 574; baseline 0.001 -3"><span class='ocrx_word' id='word_1_11' title='bbox 388 523 665 573; x_wconf 79' lang='lat' dir='ltr'><strong>confessoris</strong></span> <span class='ocrx_word' id='word_1_12' title='bbox 701 526 763 574; x_wconf 90' lang='lat' dir='ltr'><strong>ab</strong></span> <span class='ocrx_word' id='word_1_13' title='bbox 799 525 1055 574; x_wconf 82' lang='lat' dir='ltr'><strong>universali</strong></span> <span class='ocrx_word' id='word_1_14' title='bbox 1090 525 1309 574; x_wconf 90' lang='lat' dir='ltr'><strong>Ecclesia</strong></span> <span class='ocrx_word' id='word_1_15' title='bbox 1334 525 1564 572; x_wconf 89' lang='lat' dir='ltr'><strong>recolatur</strong></span> <span class='ocrx_word' id='word_1_16' title='bbox 1582 541 1692 573; x_wconf 86' lang='lat' dir='ltr'><strong>cum</strong></span> <span class='ocrx_word' id='word_1_17' title='bbox 1713 523 1863 572; x_wconf 88' lang='lat' dir='ltr'><strong>officio</strong></span> <span class='ocrx_word' id='word_1_18' title='bbox 1895 533 1943 573; x_wconf 91' lang='lat' dir='ltr'><strong>et</strong></span> 
     </span>
     <span class='ocr_line' id='line_1_5' title="bbox 386 602 1940 666; baseline 0.001 -17"><span class='ocrx_word' id='word_1_19' title='bbox 386 602 533 650; x_wconf 85' lang='lat' dir='ltr'><strong>missa</strong></span> <span class='ocrx_word' id='word_1_20' title='bbox 547 606 650 666; x_wconf 86' lang='lat' dir='ltr'><strong>jam</strong></span> <span class='ocrx_word' id='word_1_21' title='bbox 669 605 901 652; x_wconf 84' lang='lat' dir='ltr'><strong>concessis</strong></span> <span class='ocrx_word' id='word_1_22' title='bbox 920 604 1011 652; x_wconf 87' lang='lat' dir='ltr'><strong>sub</strong></span> <span class='ocrx_word' id='word_1_23' title='bbox 1032 605 1127 653; x_wconf 89' lang='lat' dir='ltr'><strong>ritu</strong></span> <span class='ocrx_word' id='word_1_24' title='bbox 1147 603 1329 664; x_wconf 84' lang='lat' dir='ltr'><strong>duplici</strong></span> <span class='ocrx_word' id='word_1_25' title='bbox 1350 603 1536 661; x_wconf 90' lang='lat' dir='ltr'><strong>minori,</strong></span> <span class='ocrx_word' id='word_1_26' title='bbox 1574 604 1822 651; x_wconf 80' lang='lat' dir='ltr'><strong>contrariis</strong></span> <span class='ocrx_word' id='word_1_27' title='bbox 1842 619 1940 651; x_wconf 90' lang='lat' dir='ltr'><strong>non</strong></span> 
     </span>
     <span class='ocr_line' id='line_1_6' title="bbox 388 679 1785 744; baseline 0 -16"><span class='ocrx_word' id='word_1_28' title='bbox 388 680 691 730; x_wconf 83' lang='lat' dir='ltr'><strong>obstantibus</strong></span> <span class='ocrx_word' id='word_1_29' title='bbox 711 679 1263 744; x_wconf 88' lang='lat' dir='ltr'><strong>quibuscumque.—Die</strong></span> <span class='ocrx_word' id='word_1_30' title='bbox 1281 686 1340 728; x_wconf 80' lang='lat'><strong>12</strong></span> <span class='ocrx_word' id='word_1_31' title='bbox 1355 679 1632 741; x_wconf 85' lang='lat' dir='ltr'><strong>septembris</strong></span> <span class='ocrx_word' id='word_1_32' title='bbox 1654 684 1785 728; x_wconf 76' lang='lat'>1845.</span> 
     </span>
    </p>
   </div>
   <div class='ocr_carea' id='block_1_4' title="bbox 1078 775 1248 787">
    <p class='ocr_par' dir='ltr' id='par_1_4' title="bbox 1078 775 1248 787">
     <span class='ocr_line' id='line_1_7' title="bbox 1078 775 1248 787; baseline 0 0"><span class='ocrx_word' id='word_1_33' title='bbox 1078 775 1248 787; x_wconf 95' lang='lat' dir='ltr'><strong> </strong></span> 
     </span>
    </p>
   </div>
   <div class='ocr_carea' id='block_1_5' title="bbox 577 819 1768 855">
    <p class='ocr_par' dir='ltr' id='par_1_5' title="bbox 577 819 1768 855">
     <span class='ocr_line' id='line_1_8' title="bbox 577 819 1768 855; baseline 0.003 -3"><span class='ocrx_word' id='word_1_34' title='bbox 577 819 828 853; x_wconf 68' lang='lat' dir='ltr'><strong>DECRBTUM</strong></span> <span class='ocrx_word' id='word_1_35' title='bbox 859 821 919 851; x_wconf 73' lang='lat' dir='ltr'><strong>DE</strong></span> <span class='ocrx_word' id='word_1_36' title='bbox 948 821 1088 853; x_wconf 73' lang='lat' dir='ltr'><strong>rns&#39;ro</strong></span> <span class='ocrx_word' id='word_1_37' title='bbox 1118 822 1372 853; x_wconf 68' lang='lat' dir='ltr'><strong>PATRocmu</strong></span> <span class='ocrx_word' id='word_1_38' title='bbox 1399 820 1563 852; x_wconf 67' lang='lat' dir='ltr'>SANC&#39;n</span> <span class='ocrx_word' id='word_1_39' title='bbox 1589 821 1768 855; x_wconf 75' lang='lat' dir='ltr'><strong>Josm’u.</strong></span> 
     </span>
    </p>
   </div>
   <div class='ocr_carea' id='block_1_6' title="bbox 959 884 1399 938">
    <p class='ocr_par' dir='ltr' id='par_1_6' title="bbox 959 884 1399 938">
     <span class='ocr_line' id='line_1_9' title="bbox 959 884 1399 938; baseline 0 0"><span class='ocrx_word' id='word_1_40' title='bbox 959 884 1115 938; x_wconf 81' lang='lat' dir='ltr'><strong>Urbis</strong></span> <span class='ocrx_word' id='word_1_41' title='bbox 1150 893 1198 938; x_wconf 80' lang='lat' dir='ltr'><strong>et</strong></span> <span class='ocrx_word' id='word_1_42' title='bbox 1237 885 1399 938; x_wconf 80' lang='lat' dir='ltr'><strong>Orbis.</strong></span> 
     </span>
    </p>
   </div>
   <div class='ocr_carea' id='block_1_7' title="bbox 393 970 1963 3083">
    <p class='ocr_par' dir='ltr' id='par_1_7' title="bbox 393 970 1963 3083">
     <span class='ocr_line' id='line_1_10' title="bbox 455 970 1947 1036; baseline 0.002 -18"><span class='ocrx_word' id='word_1_43' title='bbox 455 970 674 1033; x_wconf 82' lang='lat' dir='ltr'><strong>Inclytus</strong></span> <span class='ocrx_word' id='word_1_44' title='bbox 693 971 970 1020; x_wconf 87' lang='lat' dir='ltr'><strong>Patriarcha</strong></span> <span class='ocrx_word' id='word_1_45' title='bbox 988 972 1020 1020; x_wconf 89' lang='lat' dir='ltr'><strong>J</strong></span> <span class='ocrx_word' id='word_1_46' title='bbox 1023 973 1183 1036; x_wconf 91' lang='lat' dir='ltr'><strong>oseph,</strong></span> <span class='ocrx_word' id='word_1_47' title='bbox 1199 989 1340 1035; x_wconf 89' lang='lat' dir='ltr'><strong>quem</strong></span> <span class='ocrx_word' id='word_1_48' title='bbox 1363 972 1676 1035; x_wconf 88' lang='lat' dir='ltr'><strong>Omnipotens</strong></span> <span class='ocrx_word' id='word_1_49' title='bbox 1692 972 1833 1021; x_wconf 86' lang='lat' dir='ltr'><strong>Pater</strong></span> <span class='ocrx_word' id='word_1_50' title='bbox 1852 973 1947 1021; x_wconf 83' lang='lat' dir='ltr'><strong>sin·</strong></span> 
     </span>
     <span class='ocr_line' id='line_1_11' title="bbox 396 1050 1950 1113; baseline 0.001 -15"><span class='ocrx_word' id='word_1_51' title='bbox 396 1050 643 1113; x_wconf 77' lang='lat' dir='ltr'><strong>gularibus</strong></span> <span class='ocrx_word' id='word_1_52' title='bbox 660 1052 827 1113; x_wconf 84' lang='lat' dir='ltr'><strong>gratiis</strong></span> <span class='ocrx_word' id='word_1_53' title='bbox 859 1053 1011 1112; x_wconf 86' lang='lat' dir='ltr'><strong>auxit,</strong></span> <span class='ocrx_word' id='word_1_54' title='bbox 1032 1069 1087 1101; x_wconf 89' lang='lat' dir='ltr'><strong>ac</strong></span> <span class='ocrx_word' id='word_1_55' title='bbox 1110 1052 1475 1100; x_wconf 84' lang='lat' dir='ltr'><strong>charismatibus</strong></span> <span class='ocrx_word' id='word_1_56' title='bbox 1497 1050 1769 1100; x_wconf 84' lang='lat' dir='ltr'><strong>coelestibus</strong></span> <span class='ocrx_word' id='word_1_57' title='bbox 1788 1068 1950 1100; x_wconf 89' lang='lat' dir='ltr'><strong>cumu-</strong></span> 
     </span>
     <span class='ocr_line' id='line_1_12' title="bbox 398 1129 1950 1193; baseline 0.001 -16"><span class='ocrx_word' id='word_1_58' title='bbox 398 1130 531 1189; x_wconf 83' lang='lat' dir='ltr'><strong>lavit,</strong></span> <span class='ocrx_word' id='word_1_59' title='bbox 551 1139 609 1178; x_wconf 90' lang='lat' dir='ltr'><strong>ut</strong></span> <span class='ocrx_word' id='word_1_60' title='bbox 626 1129 883 1193; x_wconf 82' lang='lat' dir='ltr'><strong>Unigeniti</strong></span> <span class='ocrx_word' id='word_1_61' title='bbox 905 1130 996 1178; x_wconf 87' lang='lat' dir='ltr'><strong>filii</strong></span> <span class='ocrx_word' id='word_1_62' title='bbox 1018 1132 1090 1178; x_wconf 91' lang='lat' dir='ltr'><strong>sui</strong></span> <span class='ocrx_word' id='word_1_63' title='bbox 1122 1132 1366 1193; x_wconf 85' lang='lat' dir='ltr'><strong>putativus</strong></span> <span class='ocrx_word' id='word_1_64' title='bbox 1386 1139 1519 1192; x_wconf 84' lang='lat' dir='ltr'><strong>pater</strong></span> <span class='ocrx_word' id='word_1_65' title='bbox 1558 1139 1694 1187; x_wconf 88' lang='lat' dir='ltr'><strong>esset,</strong></span> <span class='ocrx_word' id='word_1_66' title='bbox 1725 1146 1779 1177; x_wconf 90' lang='lat' dir='ltr'><strong>ac</strong></span> <span class='ocrx_word' id='word_1_67' title='bbox 1812 1145 1950 1178; x_wconf 85' lang='lat' dir='ltr'><strong>verus</strong></span> 
     </span>
     <span class='ocr_line' id='line_1_13' title="bbox 393 1207 1950 1271; baseline -0.001 -14"><span class='ocrx_word' id='word_1_68' title='bbox 393 1224 593 1271; x_wconf 81' lang='lat' dir='ltr'><strong>sponsus</strong></span> <span class='ocrx_word' id='word_1_69' title='bbox 613 1207 811 1271; x_wconf 81' lang='lat' dir='ltr'><strong>Reginae</strong></span> <span class='ocrx_word' id='word_1_70' title='bbox 833 1209 1001 1257; x_wconf 91' lang='lat' dir='ltr'><strong>mundi</strong></span> <span class='ocrx_word' id='word_1_71' title='bbox 1034 1219 1080 1257; x_wconf 88' lang='lat' dir='ltr'><strong>et</strong></span> <span class='ocrx_word' id='word_1_72' title='bbox 1101 1208 1322 1256; x_wconf 76' lang='lat' dir='ltr'><strong>Dominoe</strong></span> <span class='ocrx_word' id='word_1_73' title='bbox 1338 1208 1642 1271; x_wconf 88' lang='lat' dir='ltr'><strong>Angelorum,</strong></span> <span class='ocrx_word' id='word_1_74' title='bbox 1680 1217 1777 1257; x_wconf 81' lang='lat' dir='ltr'><strong>tam</strong></span> <span class='ocrx_word' id='word_1_75' title='bbox 1802 1207 1950 1256; x_wconf 89' lang='lat' dir='ltr'><strong>subli-</strong></span> 
     </span>
     <span class='ocr_line' id='line_1_14' title="bbox 400 1286 1953 1351; baseline 0 -16"><span class='ocrx_word' id='word_1_76' title='bbox 400 1290 491 1336; x_wconf 89' lang='lat' dir='ltr'><strong>mis</strong></span> <span class='ocrx_word' id='word_1_77' title='bbox 512 1288 756 1337; x_wconf 79' lang='lat' dir='ltr'><strong>electionis</strong></span> <span class='ocrx_word' id='word_1_78' title='bbox 772 1298 926 1351; x_wconf 88' lang='lat' dir='ltr'><strong>partes</strong></span> <span class='ocrx_word' id='word_1_79' title='bbox 943 1304 1120 1346; x_wconf 87' lang='lat' dir='ltr'><strong>omnes,</strong></span> <span class='ocrx_word' id='word_1_80' title='bbox 1132 1288 1389 1351; x_wconf 82' lang='lat' dir='ltr'><strong>muniaque</strong></span> <span class='ocrx_word' id='word_1_81' title='bbox 1405 1296 1503 1335; x_wconf 84' lang='lat' dir='ltr'><strong>tam</strong></span> <span class='ocrx_word' id='word_1_82' title='bbox 1511 1286 1714 1348; x_wconf 74' lang='lat' dir='ltr'><strong>perfecte</strong></span> <span class='ocrx_word' id='word_1_83' title='bbox 1727 1287 1953 1348; x_wconf 83' lang='lat' dir='ltr'><strong>explevit,</strong></span> 
     </span>
     <span class='ocr_line' id='line_1_15' title="bbox 401 1366 1950 1429; baseline -0.003 -14"><span class='ocrx_word' id='word_1_84' title='bbox 401 1377 459 1416; x_wconf 86' lang='lat' dir='ltr'><strong>ut</strong></span> <span class='ocrx_word' id='word_1_85' title='bbox 493 1366 607 1415; x_wconf 91' lang='lat' dir='ltr'><strong>boni</strong></span> <span class='ocrx_word' id='word_1_86' title='bbox 644 1367 890 1429; x_wconf 89' lang='lat' dir='ltr'><strong>fidelisque</strong></span> <span class='ocrx_word' id='word_1_87' title='bbox 932 1367 1054 1414; x_wconf 87' lang='lat' dir='ltr'><strong>servi</strong></span> <span class='ocrx_word' id='word_1_88' title='bbox 1092 1366 1361 1414; x_wconf 89' lang='lat' dir='ltr'><strong>encomium</strong></span> <span class='ocrx_word' id='word_1_89' title='bbox 1399 1366 1623 1412; x_wconf 89' lang='lat' dir='ltr'><strong>meruerit</strong></span> <span class='ocrx_word' id='word_1_90' title='bbox 1655 1373 1705 1411; x_wconf 91' lang='lat' dir='ltr'><strong>et</strong></span> <span class='ocrx_word' id='word_1_91' title='bbox 1741 1366 1950 1426; x_wconf 70' lang='lat' dir='ltr'><strong>praemia.</strong></span> 
     </span>
     <span class='ocr_line' id='line_1_16' title="bbox 395 1443 1950 1508; baseline -0.001 -15"><span class='ocrx_word' id='word_1_92' title='bbox 395 1444 591 1494; x_wconf 88' lang='lat' dir='ltr'><strong>Etenim</strong></span> <span class='ocrx_word' id='word_1_93' title='bbox 610 1462 789 1494; x_wconf 87' lang='lat' dir='ltr'><strong>memor</strong></span> <span class='ocrx_word' id='word_1_94' title='bbox 818 1460 1001 1508; x_wconf 87' lang='lat' dir='ltr'><strong>semper</strong></span> <span class='ocrx_word' id='word_1_95' title='bbox 1019 1444 1333 1507; x_wconf 60' lang='lat' dir='ltr'><strong>praecellentis</strong></span> <span class='ocrx_word' id='word_1_96' title='bbox 1361 1443 1608 1506; x_wconf 87' lang='lat' dir='ltr'><strong>dignitatis</strong></span> <span class='ocrx_word' id='word_1_97' title='bbox 1628 1457 1726 1491; x_wconf 85' lang='lat' dir='ltr'><strong>suae</strong></span> <span class='ocrx_word' id='word_1_98' title='bbox 1748 1459 1800 1491; x_wconf 87' lang='lat' dir='ltr'><strong>ac</strong></span> <span class='ocrx_word' id='word_1_99' title='bbox 1817 1459 1950 1491; x_wconf 88' lang='lat' dir='ltr'><strong>sanc-</strong></span> 
     </span>
     <span class='ocr_line' id='line_1_17' title="bbox 400 1522 1954 1585; baseline 0 -14"><span class='ocrx_word' id='word_1_100' title='bbox 400 1525 552 1579; x_wconf 84' lang='lat' dir='ltr'><strong>titatis</strong></span> <span class='ocrx_word' id='word_1_101' title='bbox 564 1523 801 1572; x_wconf 90' lang='lat' dir='ltr'><strong>nobilium</strong></span> <span class='ocrx_word' id='word_1_102' title='bbox 816 1523 1073 1572; x_wconf 87' lang='lat' dir='ltr'><strong>officiorum</strong></span> <span class='ocrx_word' id='word_1_103' title='bbox 1090 1523 1225 1583; x_wconf 87' lang='lat' dir='ltr'><strong>queis</strong></span> <span class='ocrx_word' id='word_1_104' title='bbox 1244 1539 1272 1570; x_wconf 91' lang='lat' dir='ltr'><strong>a</strong></span> <span class='ocrx_word' id='word_1_105' title='bbox 1294 1523 1457 1571; x_wconf 89' lang='lat' dir='ltr'><strong>divina</strong></span> <span class='ocrx_word' id='word_1_106' title='bbox 1477 1524 1712 1584; x_wconf 83' lang='lat' dir='ltr'><strong>sapientia</strong></span> <span class='ocrx_word' id='word_1_107' title='bbox 1730 1522 1954 1585; x_wconf 78' lang='lat' dir='ltr'><strong>proeficie-</strong></span> 
     </span>
     <span class='ocr_line' id='line_1_18' title="bbox 394 1601 1954 1666; baseline -0.001 -14"><span class='ocrx_word' id='word_1_108' title='bbox 394 1603 552 1662; x_wconf 87' lang='lat' dir='ltr'><strong>batur,</strong></span> <span class='ocrx_word' id='word_1_109' title='bbox 572 1603 724 1666; x_wconf 89' lang='lat' dir='ltr'><strong>ipsius</strong></span> <span class='ocrx_word' id='word_1_110' title='bbox 743 1602 842 1651; x_wconf 90' lang='lat' dir='ltr'><strong>Dei</strong></span> <span class='ocrx_word' id='word_1_111' title='bbox 861 1602 1074 1651; x_wconf 89' lang='lat' dir='ltr'><strong>consiliis</strong></span> <span class='ocrx_word' id='word_1_112' title='bbox 1094 1611 1143 1651; x_wconf 91' lang='lat' dir='ltr'><strong>et</strong></span> <span class='ocrx_word' id='word_1_113' title='bbox 1171 1602 1420 1660; x_wconf 86' lang='lat' dir='ltr'><strong>voluntati,</strong></span> <span class='ocrx_word' id='word_1_114' title='bbox 1440 1601 1683 1652; x_wconf 83' lang='lat' dir='ltr'><strong>alacritate</strong></span> <span class='ocrx_word' id='word_1_115' title='bbox 1710 1618 1954 1665; x_wconf 81' lang='lat' dir='ltr'><strong>propemo-</strong></span> 
     </span>
     <span class='ocr_line' id='line_1_19' title="bbox 399 1680 1955 1744; baseline -0.002 -13"><span class='ocrx_word' id='word_1_116' title='bbox 399 1682 515 1731; x_wconf 88' lang='lat' dir='ltr'><strong>dum</strong></span> <span class='ocrx_word' id='word_1_117' title='bbox 525 1681 851 1741; x_wconf 84' lang='lat' dir='ltr'><strong>inenarrabili,</strong></span> <span class='ocrx_word' id='word_1_118' title='bbox 858 1683 908 1730; x_wconf 92' lang='lat' dir='ltr'><strong>in</strong></span> <span class='ocrx_word' id='word_1_119' title='bbox 917 1681 1139 1729; x_wconf 88' lang='lat' dir='ltr'><strong>omnibus</strong></span> <span class='ocrx_word' id='word_1_120' title='bbox 1159 1680 1475 1729; x_wconf 88' lang='lat' dir='ltr'><strong>indesinenter</strong></span> <span class='ocrx_word' id='word_1_121' title='bbox 1484 1682 1657 1744; x_wconf 88' lang='lat' dir='ltr'><strong>paruit,</strong></span> <span class='ocrx_word' id='word_1_122' title='bbox 1666 1680 1955 1744; x_wconf 82' lang='lat' dir='ltr'><strong>placensque</strong></span> 
     </span>
     <span class='ocr_line' id='line_1_20' title="bbox 395 1746 1954 1822; baseline 0.001 -14"><span class='ocrx_word' id='word_1_123' title='bbox 395 1759 504 1809; x_wconf 90' lang='lat' dir='ltr'><strong>Deo</strong></span> <span class='ocrx_word' id='word_1_124' title='bbox 525 1751 677 1809; x_wconf 76' lang='lat' dir='ltr'><strong>factus</strong></span> <span class='ocrx_word' id='word_1_125' title='bbox 697 1770 771 1809; x_wconf 87' lang='lat' dir='ltr'><strong>est</strong></span> <span class='ocrx_word' id='word_1_126' title='bbox 798 1746 845 1809; x_wconf 82' lang='lat' dir='ltr'><strong>et</strong></span> <span class='ocrx_word' id='word_1_127' title='bbox 865 1760 1079 1820; x_wconf 87' lang='lat' dir='ltr'><strong>dilectus,</strong></span> <span class='ocrx_word' id='word_1_128' title='bbox 1101 1760 1249 1809; x_wconf 88' lang='lat' dir='ltr'><strong>donec</strong></span> <span class='ocrx_word' id='word_1_129' title='bbox 1272 1760 1423 1822; x_wconf 90' lang='lat' dir='ltr'><strong>gloria</strong></span> <span class='ocrx_word' id='word_1_130' title='bbox 1442 1770 1491 1808; x_wconf 92' lang='lat' dir='ltr'><strong>et</strong></span> <span class='ocrx_word' id='word_1_131' title='bbox 1505 1760 1683 1809; x_wconf 86' lang='lat' dir='ltr'><strong>honore</strong></span> <span class='ocrx_word' id='word_1_132' title='bbox 1705 1769 1954 1809; x_wconf 80' lang='lat' dir='ltr'><strong>coronatus</strong></span> 
     </span>
     <span class='ocr_line' id='line_1_21' title="bbox 399 1832 1953 1901; baseline 0 -15"><span class='ocrx_word' id='word_1_133' title='bbox 399 1839 452 1886; x_wconf 91' lang='lat' dir='ltr'><strong>in</strong></span> <span class='ocrx_word' id='word_1_134' title='bbox 469 1839 602 1887; x_wconf 89' lang='lat' dir='ltr'><strong>coelis</strong></span> <span class='ocrx_word' id='word_1_135' title='bbox 621 1855 798 1887; x_wconf 85' lang='lat' dir='ltr'><strong>novum</strong></span> <span class='ocrx_word' id='word_1_136' title='bbox 813 1841 1069 1901; x_wconf 89' lang='lat' dir='ltr'><strong>susciperet</strong></span> <span class='ocrx_word' id='word_1_137' title='bbox 1084 1839 1303 1898; x_wconf 89' lang='lat' dir='ltr'><strong>officium,</strong></span> <span class='ocrx_word' id='word_1_138' title='bbox 1322 1840 1549 1887; x_wconf 89' lang='lat' dir='ltr'><strong>nimirum</strong></span> <span class='ocrx_word' id='word_1_139' title='bbox 1568 1848 1621 1887; x_wconf 93' lang='lat' dir='ltr'><strong>ut</strong></span> <span class='ocrx_word' id='word_1_140' title='bbox 1639 1832 1841 1901; x_wconf 88' lang='lat' dir='ltr'><strong>copiosis</strong></span> <span class='ocrx_word' id='word_1_141' title='bbox 1856 1854 1953 1886; x_wconf 90' lang='lat' dir='ltr'><strong>me-</strong></span> 
     </span>
     <span class='ocr_line' id='line_1_22' title="bbox 400 1916 1954 1979; baseline -0.001 -15"><span class='ocrx_word' id='word_1_142' title='bbox 400 1917 506 1966; x_wconf 80' lang='lat' dir='ltr'><strong>ritis</strong></span> <span class='ocrx_word' id='word_1_143' title='bbox 533 1926 582 1966; x_wconf 90' lang='lat' dir='ltr'><strong>et</strong></span> <span class='ocrx_word' id='word_1_144' title='bbox 601 1917 828 1965; x_wconf 88' lang='lat' dir='ltr'><strong>orationis</strong></span> <span class='ocrx_word' id='word_1_145' title='bbox 858 1917 1081 1979; x_wconf 85' lang='lat' dir='ltr'><strong>suffragio</strong></span> <span class='ocrx_word' id='word_1_146' title='bbox 1101 1918 1374 1965; x_wconf 83' lang='lat' dir='ltr'><strong>miserrimae</strong></span> <span class='ocrx_word' id='word_1_147' title='bbox 1404 1916 1677 1965; x_wconf 84' lang='lat' dir='ltr'><strong>subvenerit</strong></span> <span class='ocrx_word' id='word_1_148' title='bbox 1706 1916 1954 1964; x_wconf 89' lang='lat' dir='ltr'><strong>hominum</strong></span> 
     </span>
     <span class='ocr_line' id='line_1_23' title="bbox 398 1994 1954 2058; baseline -0.001 -14"><span class='ocrx_word' id='word_1_149' title='bbox 398 1995 676 2055; x_wconf 86' lang='lat' dir='ltr'><strong>conditioni,</strong></span> <span class='ocrx_word' id='word_1_150' title='bbox 695 2005 841 2058; x_wconf 88' lang='lat' dir='ltr'><strong>atque</strong></span> <span class='ocrx_word' id='word_1_151' title='bbox 867 1995 1159 2044; x_wconf 81' lang='lat' dir='ltr'><strong>validissima</strong></span> <span class='ocrx_word' id='word_1_152' title='bbox 1178 1996 1507 2044; x_wconf 86' lang='lat' dir='ltr'><strong>intercessione</strong></span> <span class='ocrx_word' id='word_1_153' title='bbox 1537 2010 1643 2057; x_wconf 82' lang='lat' dir='ltr'><strong>quae</strong></span> <span class='ocrx_word' id='word_1_154' title='bbox 1664 1994 1954 2058; x_wconf 83' lang='lat' dir='ltr'><strong>possibilitas</strong></span> 
     </span>
     <span class='ocr_line' id='line_1_24' title="bbox 398 2072 1956 2136; baseline 0 -15"><span class='ocrx_word' id='word_1_155' title='bbox 398 2074 612 2121; x_wconf 89' lang='lat' dir='ltr'><strong>humana</strong></span> <span class='ocrx_word' id='word_1_156' title='bbox 637 2072 849 2122; x_wconf 89' lang='lat' dir='ltr'><strong>obtinere</strong></span> <span class='ocrx_word' id='word_1_157' title='bbox 867 2074 1049 2135; x_wconf 89' lang='lat' dir='ltr'><strong>nequit,</strong></span> <span class='ocrx_word' id='word_1_158' title='bbox 1069 2073 1246 2121; x_wconf 89' lang='lat' dir='ltr'><strong>mundo</strong></span> <span class='ocrx_word' id='word_1_159' title='bbox 1266 2075 1548 2135; x_wconf 86' lang='lat' dir='ltr'><strong>impetraret.</strong></span> <span class='ocrx_word' id='word_1_160' title='bbox 1610 2073 1742 2122; x_wconf 91' lang='lat' dir='ltr'><strong>Hinc</strong></span> <span class='ocrx_word' id='word_1_161' title='bbox 1778 2075 1956 2136; x_wconf 84' lang='lat' dir='ltr'><strong>passim</strong></span> 
     </span>
     <span class='ocr_line' id='line_1_25' title="bbox 400 2151 1961 2215; baseline 0.001 -15"><span class='ocrx_word' id='word_1_162' title='bbox 400 2153 665 2201; x_wconf 86' lang='lat' dir='ltr'><strong>misericors</strong></span> <span class='ocrx_word' id='word_1_163' title='bbox 677 2161 924 2201; x_wconf 86' lang='lat' dir='ltr'><strong>veneratur</strong></span> <span class='ocrx_word' id='word_1_164' title='bbox 938 2152 1000 2201; x_wconf 86' lang='lat' dir='ltr'><strong>ad</strong></span> <span class='ocrx_word' id='word_1_165' title='bbox 1018 2151 1178 2202; x_wconf 91' lang='lat' dir='ltr'><strong>Deum</strong></span> <span class='ocrx_word' id='word_1_166' title='bbox 1185 2153 1427 2212; x_wconf 89' lang='lat' dir='ltr'><strong>mediator,</strong></span> <span class='ocrx_word' id='word_1_167' title='bbox 1441 2152 1703 2215; x_wconf 87' lang='lat' dir='ltr'><strong>efficaxque</strong></span> <span class='ocrx_word' id='word_1_168' title='bbox 1718 2161 1961 2215; x_wconf 85' lang='lat' dir='ltr'><strong>patronus,</strong></span> 
     </span>
     <span class='ocr_line' id='line_1_26' title="bbox 402 2230 1958 2295; baseline -0.001 -15"><span class='ocrx_word' id='word_1_169' title='bbox 402 2236 598 2295; x_wconf 86' lang='lat' dir='ltr'><strong>ejusque</strong></span> <span class='ocrx_word' id='word_1_170' title='bbox 611 2232 869 2281; x_wconf 87' lang='lat' dir='ltr'><strong>Patrocinii</strong></span> <span class='ocrx_word' id='word_1_171' title='bbox 883 2232 1057 2281; x_wconf 86' lang='lat' dir='ltr'><strong>festum</strong></span> <span class='ocrx_word' id='word_1_172' title='bbox 1072 2247 1183 2280; x_wconf 91' lang='lat' dir='ltr'><strong>cum</strong></span> <span class='ocrx_word' id='word_1_173' title='bbox 1202 2230 1354 2279; x_wconf 89' lang='lat' dir='ltr'><strong>officio</strong></span> <span class='ocrx_word' id='word_1_174' title='bbox 1370 2248 1423 2279; x_wconf 92' lang='lat' dir='ltr'><strong>ac</strong></span> <span class='ocrx_word' id='word_1_175' title='bbox 1443 2231 1592 2279; x_wconf 86' lang='lat' dir='ltr'><strong>missa</strong></span> <span class='ocrx_word' id='word_1_176' title='bbox 1608 2231 1751 2293; x_wconf 78' lang='lat' dir='ltr'><strong>longe</strong></span> <span class='ocrx_word' id='word_1_177' title='bbox 1768 2231 1958 2293; x_wconf 75' lang='lat' dir='ltr'><strong>lateque</strong></span> 
     </span>
     <span class='ocr_line' id='line_1_27' title="bbox 402 2308 1956 2373; baseline -0.003 -13"><span class='ocrx_word' id='word_1_178' title='bbox 402 2311 670 2360; x_wconf 89' lang='lat' dir='ltr'><strong>instituitur</strong></span> <span class='ocrx_word' id='word_1_179' title='bbox 682 2310 919 2358; x_wconf 90' lang='lat' dir='ltr'><strong>dominica</strong></span> <span class='ocrx_word' id='word_1_180' title='bbox 937 2311 1074 2359; x_wconf 89' lang='lat' dir='ltr'><strong>tertia</strong></span> <span class='ocrx_word' id='word_1_181' title='bbox 1090 2325 1196 2373; x_wconf 66' lang='lat' dir='ltr'><strong>qum</strong></span> <span class='ocrx_word' id='word_1_182' title='bbox 1212 2313 1239 2358; x_wconf 74' lang='lat' dir='ltr'><strong>a</strong></span> <span class='ocrx_word' id='word_1_183' title='bbox 1255 2308 1569 2359; x_wconf 85' lang='lat' dir='ltr'><strong>Paschalibus</strong></span> <span class='ocrx_word' id='word_1_184' title='bbox 1589 2309 1777 2373; x_wconf 87' lang='lat' dir='ltr'><strong>gaudiis</strong></span> <span class='ocrx_word' id='word_1_185' title='bbox 1792 2325 1956 2359; x_wconf 87' lang='lat' dir='ltr'><strong>occur-</strong></span> 
     </span>
     <span class='ocr_line' id='line_1_28' title="bbox 399 2388 1957 2452; baseline -0.002 -13"><span class='ocrx_word' id='word_1_186' title='bbox 399 2391 477 2439; x_wconf 83' lang='lat' dir='ltr'><strong>rit.</strong></span> <span class='ocrx_word' id='word_1_187' title='bbox 539 2388 720 2438; x_wconf 89' lang='lat' dir='ltr'><strong>Verum</strong></span> <span class='ocrx_word' id='word_1_188' title='bbox 732 2388 860 2452; x_wconf 87' lang='lat' dir='ltr'><strong>quod</strong></span> <span class='ocrx_word' id='word_1_189' title='bbox 879 2405 1030 2437; x_wconf 93' lang='lat' dir='ltr'><strong>unum</strong></span> <span class='ocrx_word' id='word_1_190' title='bbox 1050 2389 1375 2452; x_wconf 81' lang='lat' dir='ltr'><strong>exoptandum</strong></span> <span class='ocrx_word' id='word_1_191' title='bbox 1391 2398 1643 2451; x_wconf 87' lang='lat' dir='ltr'><strong>supererat,</strong></span> <span class='ocrx_word' id='word_1_192' title='bbox 1664 2389 1887 2435; x_wconf 89' lang='lat' dir='ltr'><strong>nimirum</strong></span> <span class='ocrx_word' id='word_1_193' title='bbox 1902 2396 1957 2436; x_wconf 77' lang='lat' dir='ltr'><strong>ut</strong></span> 
     </span>
     <span class='ocr_line' id='line_1_29' title="bbox 403 2466 1956 2531; baseline -0.003 -14"><span class='ocrx_word' id='word_1_194' title='bbox 403 2467 613 2517; x_wconf 87' lang='lat' dir='ltr'><strong>officium</strong></span> <span class='ocrx_word' id='word_1_195' title='bbox 632 2467 893 2516; x_wconf 84' lang='lat' dir='ltr'><strong>Patrocinii</strong></span> <span class='ocrx_word' id='word_1_196' title='bbox 915 2467 1080 2516; x_wconf 87' lang='lat' dir='ltr'><strong>Sancti</strong></span> <span class='ocrx_word' id='word_1_197' title='bbox 1114 2467 1147 2516; x_wconf 92' lang='lat' dir='ltr'><strong>J</strong></span> <span class='ocrx_word' id='word_1_198' title='bbox 1149 2469 1294 2531; x_wconf 90' lang='lat' dir='ltr'><strong>oseph</strong></span> <span class='ocrx_word' id='word_1_199' title='bbox 1322 2467 1381 2516; x_wconf 90' lang='lat' dir='ltr'><strong>de</strong></span> <span class='ocrx_word' id='word_1_200' title='bbox 1411 2477 1646 2531; x_wconf 80' lang='lat' dir='ltr'><strong>praecepto</strong></span> <span class='ocrx_word' id='word_1_201' title='bbox 1682 2466 1745 2515; x_wconf 87' lang='lat' dir='ltr'><strong>ad</strong></span> <span class='ocrx_word' id='word_1_202' title='bbox 1769 2467 1956 2515; x_wconf 85' lang='lat' dir='ltr'><strong>univer-</strong></span> 
     </span>
     <span class='ocr_line' id='line_1_30' title="bbox 405 2544 1957 2605; baseline -0.001 -10"><span class='ocrx_word' id='word_1_203' title='bbox 405 2546 554 2596; x_wconf 84' lang='lat' dir='ltr'><strong>salem</strong></span> <span class='ocrx_word' id='word_1_204' title='bbox 573 2546 906 2595; x_wconf 73' lang='lat' dir='ltr'><strong>extenderetur</strong></span> <span class='ocrx_word' id='word_1_205' title='bbox 927 2546 1209 2605; x_wconf 88' lang='lat' dir='ltr'><strong>Ecclesiam,</strong></span> <span class='ocrx_word' id='word_1_206' title='bbox 1229 2547 1279 2594; x_wconf 88' lang='lat' dir='ltr'><strong>id</strong></span> <span class='ocrx_word' id='word_1_207' title='bbox 1300 2545 1524 2595; x_wconf 86' lang='lat' dir='ltr'><strong>Emus·et</strong></span> <span class='ocrx_word' id='word_1_208' title='bbox 1543 2546 1707 2594; x_wconf 86' lang='lat' dir='ltr'><strong>Rmus.</strong></span> <span class='ocrx_word' id='word_1_209' title='bbox 1717 2544 1957 2594; x_wconf 83' lang='lat' dir='ltr'><strong>Dominus</strong></span> 
     </span>
     <span class='ocr_line' id='line_1_31' title="bbox 406 2623 1961 2685; baseline -0.001 -11"><span class='ocrx_word' id='word_1_210' title='bbox 406 2624 676 2674; x_wconf 78' lang='lat' dir='ltr'><strong>cardinalis</strong></span> <span class='ocrx_word' id='word_1_211' title='bbox 690 2624 1036 2679; x_wconf 86' lang='lat' dir='ltr'><strong>Constantinus</strong></span> <span class='ocrx_word' id='word_1_212' title='bbox 1057 2624 1251 2685; x_wconf 72' lang='lat' dir='ltr'><strong>Patrizi,</strong></span> <span class='ocrx_word' id='word_1_213' title='bbox 1268 2628 1296 2674; x_wconf 74' lang='lat' dir='ltr'><strong>a</strong></span> <span class='ocrx_word' id='word_1_214' title='bbox 1315 2623 1620 2674; x_wconf 74' lang='lat' dir='ltr'><strong>sanctissimo</strong></span> <span class='ocrx_word' id='word_1_215' title='bbox 1628 2623 1838 2673; x_wconf 89' lang='lat' dir='ltr'><strong>Domino</strong></span> <span class='ocrx_word' id='word_1_216' title='bbox 1851 2639 1961 2672; x_wconf 89' lang='lat' dir='ltr'><strong>nos-</strong></span> 
     </span>
     <span class='ocr_line' id='line_1_32' title="bbox 399 2702 1955 2767; baseline -0.001 -14"><span class='ocrx_word' id='word_1_217' title='bbox 399 2712 474 2753; x_wconf 85' lang='lat' dir='ltr'><strong>tro</strong></span> <span class='ocrx_word' id='word_1_218' title='bbox 494 2703 582 2752; x_wconf 91' lang='lat' dir='ltr'><strong>Pio</strong></span> <span class='ocrx_word' id='word_1_219' title='bbox 608 2703 704 2762; x_wconf 90' lang='lat' dir='ltr'><strong>IX,</strong></span> <span class='ocrx_word' id='word_1_220' title='bbox 737 2703 1003 2752; x_wconf 85' lang='lat' dir='ltr'><strong>humilibus</strong></span> <span class='ocrx_word' id='word_1_221' title='bbox 1022 2703 1252 2765; x_wconf 87' lang='lat' dir='ltr'><strong>precibus,</strong></span> <span class='ocrx_word' id='word_1_222' title='bbox 1286 2705 1473 2767; x_wconf 89' lang='lat' dir='ltr'><strong>proprio</strong></span> <span class='ocrx_word' id='word_1_223' title='bbox 1508 2713 1557 2752; x_wconf 90' lang='lat' dir='ltr'><strong>et</strong></span> <span class='ocrx_word' id='word_1_224' title='bbox 1594 2703 1794 2752; x_wconf 72' lang='lat' dir='ltr'><strong>aliorum</strong></span> <span class='ocrx_word' id='word_1_225' title='bbox 1809 2702 1955 2751; x_wconf 86' lang='lat' dir='ltr'><strong>Sanc-</strong></span> 
     </span>
     <span class='ocr_line' id='line_1_33' title="bbox 401 2781 1961 2847; baseline -0.002 -14"><span class='ocrx_word' id='word_1_226' title='bbox 401 2791 464 2833; x_wconf 79' lang='lat' dir='ltr'><strong>toe</strong></span> <span class='ocrx_word' id='word_1_227' title='bbox 496 2782 720 2831; x_wconf 79' lang='lat' dir='ltr'><strong>Romanoe</strong></span> <span class='ocrx_word' id='word_1_228' title='bbox 749 2781 974 2831; x_wconf 81' lang='lat' dir='ltr'><strong>Ecclesiae</strong></span> <span class='ocrx_word' id='word_1_229' title='bbox 1005 2782 1331 2831; x_wconf 76' lang='lat' dir='ltr'><strong>cardinalium</strong></span> <span class='ocrx_word' id='word_1_230' title='bbox 1368 2799 1421 2831; x_wconf 87' lang='lat' dir='ltr'><strong>ac</strong></span> <span class='ocrx_word' id='word_1_231' title='bbox 1442 2784 1796 2847; x_wconf 85' lang='lat' dir='ltr'><strong>quamplurium</strong></span> <span class='ocrx_word' id='word_1_232' title='bbox 1816 2783 1961 2831; x_wconf 84' lang='lat' dir='ltr'><strong>etiam</strong></span> 
     </span>
     <span class='ocr_line' id='line_1_34' title="bbox 413 2860 1959 2925; baseline -0.003 -14"><span class='ocrx_word' id='word_1_233' title='bbox 413 2871 684 2912; x_wconf 86' lang='lat' dir='ltr'><strong>exterorum</strong></span> <span class='ocrx_word' id='word_1_234' title='bbox 722 2862 936 2911; x_wconf 86' lang='lat' dir='ltr'><strong>fidelium</strong></span> <span class='ocrx_word' id='word_1_235' title='bbox 976 2864 1168 2911; x_wconf 89' lang='lat' dir='ltr'><strong>nomine</strong></span> <span class='ocrx_word' id='word_1_236' title='bbox 1208 2863 1445 2925; x_wconf 88' lang='lat' dir='ltr'><strong>porrectis,</strong></span> <span class='ocrx_word' id='word_1_237' title='bbox 1496 2863 1637 2909; x_wconf 75' lang='lat' dir='ltr'><strong>enixe</strong></span> <span class='ocrx_word' id='word_1_238' title='bbox 1675 2860 1959 2924; x_wconf 85' lang='lat' dir='ltr'><strong>imploravit.</strong></span> 
     </span>
     <span class='ocr_line' id='line_1_35' title="bbox 413 2938 1962 3004; baseline -0.001 -15"><span class='ocrx_word' id='word_1_239' title='bbox 413 2938 550 2996; x_wconf 80' lang='lat' dir='ltr'><strong>Quas</strong></span> <span class='ocrx_word' id='word_1_240' title='bbox 580 2941 775 3004; x_wconf 89' lang='lat' dir='ltr'><strong>quidem</strong></span> <span class='ocrx_word' id='word_1_241' title='bbox 808 2956 971 3004; x_wconf 90' lang='lat' dir='ltr'><strong>preces</strong></span> <span class='ocrx_word' id='word_1_242' title='bbox 1003 2942 1215 3004; x_wconf 76' lang='lat' dir='ltr'><strong>apprime</strong></span> <span class='ocrx_word' id='word_1_243' title='bbox 1244 2939 1502 2989; x_wconf 82' lang='lat' dir='ltr'><strong>conformes</strong></span> <span class='ocrx_word' id='word_1_244' title='bbox 1532 2939 1764 3002; x_wconf 80' lang='lat' dir='ltr'><strong>singulari</strong></span> <span class='ocrx_word' id='word_1_245' title='bbox 1795 2938 1962 3003; x_wconf 83' lang='lat' dir='ltr'><strong>pietati</strong></span> 
     </span>
     <span class='ocr_line' id='line_1_36' title="bbox 406 3011 1963 3083; baseline -0.003 -13"><span class='ocrx_word' id='word_1_246' title='bbox 406 3035 505 3071; x_wconf 67' lang='lat' dir='ltr'><strong>sua</strong></span> <span class='ocrx_word' id='word_1_247' title='bbox 530 3036 646 3083; x_wconf 80' lang='lat' dir='ltr'><strong>erga</strong></span> <span class='ocrx_word' id='word_1_248' title='bbox 663 3020 893 3071; x_wconf 87' lang='lat' dir='ltr'><strong>Sanctum</strong></span> <span class='ocrx_word' id='word_1_249' title='bbox 911 3020 942 3070; x_wconf 87' lang='lat' dir='ltr'><strong>J</strong></span> <span class='ocrx_word' id='word_1_250' title='bbox 945 3019 1191 3082; x_wconf 87' lang='lat' dir='ltr'><strong>osephum,</strong></span> <span class='ocrx_word' id='word_1_251' title='bbox 1219 3019 1479 3082; x_wconf 84' lang='lat' dir='ltr'><strong>apostolica</strong></span> <span class='ocrx_word' id='word_1_252' title='bbox 1503 3018 1800 3081; x_wconf 79' lang='lat' dir='ltr'><strong>benignitate</strong></span> <span class='ocrx_word' id='word_1_253' title='bbox 1832 3011 1963 3067; x_wconf 40' lang='lat' dir='ltr'><strong>cxci-⁴</strong></span> 
     </span>
    </p>
   </div>
   <div class='ocr_carea' id='block_1_8' title="bbox 0 3452 2560 3520">
    <p class='ocr_par' dir='ltr' id='par_1_8' title="bbox 0 3452 2560 3520">
     <span class='ocr_line' id='line_1_37' title="bbox 0 3452 2560 3520; baseline 0 0"><span class='ocrx_word' id='word_1_254' title='bbox 0 3452 2560 3520; x_wconf 95' lang='lat' dir='ltr'><strong> </strong></span> 
     </span>
    </p>
   </div>
   <div class='ocr_carea' id='block_1_9' title="bbox 2558 1194 2560 1767">
    <p class='ocr_par' dir='ltr' id='par_1_9' title="bbox 2558 1194 2560 1767">
     <span class='ocr_line' id='line_1_38' title="bbox 2558 1194 2560 1767; baseline 0 0"><span class='ocrx_word' id='word_1_255' title='bbox 2558 1194 2560 1767; x_wconf 95' lang='lat' dir='ltr'><strong> </strong></span> 
     </span>
    </p>
   </div>
  </div>
 </body>
</html>
