2584 3584
437 320 511 377 24
876 335 1164 375 concmuu
1200 338 1538 380 cunano-ensa

435 461 497 516 de
529 460 834 532 professione
875 463 1039 528 Fidei,
1073 480 1193 533 quae
1217 464 1428 533 quidem
1450 483 1482 519 a
1522 465 1740 538 singulis
1762 467 1984 524 Concilii

435 552 699 615 membris,
721 553 788 605 ad
809 552 1105 622 exemplum
1129 553 1363 617 Patrum,
1388 553 1659 608 emittitur.

504 639 763 696 Indicitur
802 648 978 711 postea
1025 642 1250 695 secunda
1290 642 1448 694 sessio
1493 658 1588 711 pro
1627 641 1757 697 feria
1798 645 1983 714 quinta

434 731 700 798 sequentis
743 730 1094 793 hebdomadae,
1156 729 1241 782 die
1286 729 1481 783 scilicet
1524 729 1774 800 vigesima
1812 735 1984 802 prima

434 819 683 889 Augusti,
722 820 823 872 nisi
860 836 951 887 pro
974 820 1129 871 rebus
1152 817 1372 871 Concilii
1404 819 1538 871 bene
1578 819 1817 889 gerendis
1839 822 1984 877 aliud

436 910 723 964 conducere
741 908 988 961 videatur.

506 997 747 1058 Demum,
783 995 1140 1049 benedictione
1163 996 1381 1049 solemni
1426 997 1861 1052 Reverendissimi
1882 999 1984 1070 Ars·

436 1084 751 1154 chiepiscopi
770 1091 993 1154 accepta,
1010 1092 1062 1138 et
1080 1085 1406 1154 indulgentia
1421 1086 1762 1155 quadraginta
1780 1087 1983 1141 dierum

434 1173 714 1242 publicata,
734 1174 1177 1243 processionaliter
1198 1175 1447 1227 recedunt
1469 1191 1646 1228 omnes
1669 1176 1737 1229 ad
1771 1176 1984 1231 domum

435 1263 934 1332 archiepiscopalem.

810 1403 1034 1457 Secunda
1061 1404 1381 1473 Congreyatio
1402 1406 1614 1472 privata.

506 1528 745 1592 Sabbato,
769 1528 852 1580 die
875 1529 1073 1581 decima
1096 1534 1243 1580 sexta
1284 1527 1529 1597 Augusti,
1552 1528 1680 1581 hora
1698 1545 1836 1582 nona
1859 1522 2003 1585 ante*

435 1618 720 1680 meridiem,
745 1617 1058 1670 conveniunt
1072 1618 1271 1686 Patra,
1294 1616 1544 1686 leguntur
1566 1623 1620 1670 et
1638 1617 1984 1673 admittuntur

434 1715 548 1763 aeta
567 1709 971 1778 praecedentium
994 1709 1467 1779 congregationum.
1818 1779 1821 1780 ⁷

506 1797 786 1865 Sequentia
826 1798 890 1850 ab
928 1797 1097 1852 Illmo.
1144 1815 1206 1850 ac
1229 1798 1379 1850 Rmo.
1418 1798 1537 1852 DD.
1581 1798 1986 1872 Archiepiucopo

435 1893 795 1964 proponuntur
816 1886 1020 1940 decreta
1043 1904 1073 1939 a
1093 1886 1301 1956 Synodo
1324 1887 1616 1952 sancienda,
1637 1887 1859 1943 scilicet:

681 2007 859 2054 l.-De
875 2007 1066 2053 Rimata·
1074 2024 1091 2057 ,-

676 2086 856 2132 2.—De
879 2085 1208 2131 Coeremmiali
1218 2102 1236 2135 ‚⁰

677 2164 854 2211 a—De
875 2163 1177 2210 catechismo.

503 2261 641 2320 Quae
663 2260 887 2329 perlecta
905 2265 960 2312 et
983 2257 1278 2311 summatim
1299 2257 1517 2326 probata
1540 2256 1606 2310 ad
1629 2258 1983 2329 congregatio-

433 2366 555 2403 nem
574 2348 932 2419 theologorum
950 2347 1012 2400 ἀρ
1032 2347 1239 2399 decretis
1271 2344 1615 2415 perferuntur.

504 2438 715 2507 Septem
754 2426 1063 2505 quaestiones
1091 2434 1229 2487 cirea
1261 2433 1515 2487 litteraria
1550 2440 1605 2487 et
1641 2433 1986 2490 ecclesiastica

433 2527 606 2581 studia
627 2526 694 2579 ad
713 2544 786 2579 co'.
810 2524 1165 2595 gregationem
1186 2522 1247 2576 de
1266 2521 1446 2575 studiis
1466 2521 1776 2576 referuntur.

502 2598 739 2675 Quaestio
773 2615 838 2667 de
860 2613 1244 2683 opportunitate
1263 2612 1465 2675 edendi,
1508 2618 1758 2680 tanquam
1780 2612 1984 2683 supple-

432 2712 668 2759 mentum
692 2703 891 2758 Rituali
910 2703 1164 2765 Romano,
1180 2701 1415 2755 libellum
1441 2701 1508 2754 ad
1527 2701 1823 2771 dirigendos
1844 2718 1984 2772 pres-

431 2796 639 2865 byteros
672 2792 730 2846 in
765 2792 1206 2846 administratione
1241 2791 1691 2844 Sacramentorum
1728 2796 1781 2845 et
1813 2808 1983 2861 paroe-

433 2883 631 2938 ciarum
657 2872 1048 2952 congregationi
1070 2881 1136 2933 de
1157 2880 1434 2949 disciplina
1456 2880 1884 2936 communicatur.

503 2971 657 3024 Hora
681 2970 954 3024 undecima
977 2986 1096 3023 eum
1118 2969 1349 3033 dimidia,
1372 2967 1509 3024 facta
1532 2970 1779 3035 oratione,
1797 2969 1983 3025 Patres

432 3060 696 3115 recedunt.
