2600 3616
563 409 637 464 84
1004 424 1294 465 concrum(
1331 428 1669 469 ounnncnusn

563 548 702 604 circa
721 566 859 604 nova
894 549 1197 606 Sanctorum
1220 552 1405 608 Officia
1437 552 1701 609 Breviario
1724 559 1780 608 et
1799 554 2000 610 Missali
2021 555 2111 610 ad-

560 637 746 701 denda,
787 645 842 692 et
857 639 1074 710 jubetur
1109 641 1372 695 decretum
1396 641 1453 694 in
1475 641 1573 696 hac
1605 642 1822 697 materia
1844 661 1877 698 a
1899 660 2111 716 congre·

562 726 774 798 gatione
795 727 857 781 de
879 727 1084 782 decretis
1105 729 1397 798 praeparari.

636 815 938 876 Quadrante
961 822 1081 870 ante
1103 816 1370 871 meridiem
1393 817 1663 872 discedunt
1681 818 1873 872 Patres.

939 956 1147 1010 Decima
1178 957 1496 1028 Gonyreyatio
1508 960 1724 1029 privata.

635 1079 831 1133 Eadem
867 1081 967 1145 die,
986 1081 1115 1135 hora
1151 1082 1304 1136 tertia
1344 1092 1460 1151 post
1483 1082 1767 1145 meridiem,
1793 1082 2108 1137 conveniunt

563 1169 758 1223 Patres.

633 1258 970 1327 Approbatur
989 1258 1169 1312 relatio
1197 1259 1535 1327 praecedentis
1559 1259 1984 1329 congregationis.

632 1346 998 1400 Discutiuntur
1022 1347 1292 1401 sententiae
1315 1347 1673 1417 theologorum
1698 1347 1863 1401 circa:

643 1435 1060 1489 l.--Catecheses
1099 1433 1358 1489 faciendas
1382 1442 1434 1488 et
1457 1435 1887 1505 praeparationem
1920 1437 1986 1489 ed
2008 1435 2112 1505 pri-

562 1541 702 1577 mam
725 1524 1153 1577 Communionem
1179 1544 1192 1586 3

636 1613 1057 1668 2.-—Relationes
1079 1631 1112 1667 a
1132 1613 1372 1683 parochis
1395 1612 1651 1682 Episcopo
1673 1612 1935 1667 faciendas
1953 1632 1967 1675 ;

637 1702 1233 1772 3.-—Incorporationem
1256 1703 1579 1756 sacerdotum
1601 1708 1978 1757 extraneorum.

631 1791 665 1844 J
667 1793 857 1845 ubetur
896 1793 1118 1855 decreta,
1155 1792 1213 1844 in
1247 1791 1331 1845 his
1368 1808 1522 1860 supra
1563 1791 1714 1845 dictis
1772 1790 2031 1862 subjectis,
2079 1806 2112 1843 a

564 1881 963 1950 congregatione
985 1880 1046 1933 de
1063 1881 1270 1934 decretis
1290 1878 1571 1933 formulari.

634 1969 835 2029 Quinta
857 1970 986 2025 hora
1009 1970 1190 2025 Patres
1211 1969 1475 2023 recedunt.

155 2170 167 2192 ζ
918 2111 1137 2180 Septima
1168 2111 1489 2180 Gonyreyatio
1501 2108 1764 2178 yeneralis,

636 2234 795 2285 Anno
819 2234 1031 2287 Domini
1048 2234 1322 2303 millesimo
1341 2232 1767 2303 octingentesimo
1791 2233 2114 2304 quinquage-

566 2320 695 2374 simo
715 2322 898 2391 primo,
920 2322 1048 2376 feria
1067 2330 1230 2387 sexta,
1248 2323 1332 2375 die
1351 2322 1600 2393 vigesima
1620 2322 1846 2375 secunda
1865 2321 2112 2392 Augusti,

567 2410 751 2477 quinta
772 2410 899 2464 hora
940 2417 1056 2481 post
1076 2412 1360 2474 meridiem,
1404 2411 1602 2479 incipit,
1627 2410 1741 2462 loco
1768 2410 1934 2474 solito,
1958 2410 2114 2480 septi-

565 2514 654 2575 ma*
674 2499 1021 2569 congregatio
1040 2501 1294 2571 generalis
1320 2499 1403 2552 cui
1424 2497 1706 2552 interfuere
1726 2499 1908 2553 Patres
1931 2498 2114 2553 Conci-

564 2587 623 2640 lii
646 2605 767 2641 cum
787 2588 1055 2660 theologiS,
1076 2589 1354 2642 canonistis
1377 2594 1430 2641 et
1452 2588 1723 2642 officiariis.

635 2678 724 2732 Fit
743 2678 923 2732 relatio
960 2685 1170 2732 actuum
1193 2677 1605 2748 congregationis
1644 2675 1899 2746 generalis
1922 2691 2114 2745 praece-

564 2769 753 2823 dentis,

635 2857 855 2927 Legitur
877 2865 929 2912 et
949 2857 1224 2911 discutitur
1244 2856 1395 2910 tertia
1415 2854 1597 2909 relatio
1621 2853 2034 2924 congregationis
2054 2852 2115 2906 de

563 2945 845 3016 disciplina,
867 2947 1002 3001 circa
1016 2947 1352 3017 appendicem
1370 2944 1571 2999 Rituali
1588 2942 1902 2998 Provinciali
1924 2942 2114 2996 adden-

565 3034 701 3091 dam.

634 3123 853 3196 Legitur
889 3124 1071 3180 relatio
1094 3124 1249 3179 tertia
1283 3120 1697 3193 congregationis
1717 3120 1778 3174 de
1801 3120 2022 3188 liturqia,
2045 3118 2112 3173 de
