2600 3520
522 357 594 410 86
964 372 1250 409 cononum
1285 371 1617 411 ounnncnnsn

1043 499 1204 550 Breve
1239 498 1529 550 ErectioniS.

1103 600 1223 647 Pms
1255 598 1348 645 ΡΡ.
1381 596 1473 645 ΙΧ.

582 696 657 743 Ad
677 696 879 745 futuram
900 697 965 742 rei
1002 696 1286 742 memoriam.
1347 693 1423 740 Ad
1447 693 1713 740 Romanum
1733 704 1914 756 spectat
1933 696 2058 743 Pon-

519 775 690 824 tificem
727 779 886 834 utpote
909 773 1239 834 Apostolorum
1274 772 1510 833 Principis
1544 773 1594 818 in
1616 771 1922 834 gubernanda
1951 775 2057 821 uni-

518 871 648 901 versa
670 852 885 899 Ecclesia
908 851 1231 898 Successorem
1254 868 1398 898 novas
1418 866 1501 912 per
1516 860 1735 898 terrarum
1750 852 1910 899 orbem
1926 868 2058 900 cons-

516 935 683 980 tituere
704 931 937 987 dioeceses,
974 946 1121 990 quum
1143 947 1214 978 res
1235 946 1288 977 ac
1309 939 1494 991 tempus
1515 929 1732 991 postulet,
1765 940 1817 978 ut
1836 931 2057 978 nimirum

515 1019 652 1057 aucto
674 1009 920 1055 Pastorum
939 1024 1135 1056 numero
1157 1010 1206 1055 in
1227 1010 1370 1056 tantis
1409 1008 1594 1055 insidiis
1618 1008 1879 1056 Christiani
1900 1011 2059 1070 gregis

514 1089 755 1136 securitati
769 1088 1052 1135 consulatur.
1116 1087 1146 1133 J
1150 1100 1331 1133 amvero
1351 1086 1573 1148 Episcopi
1588 1088 1791 1148 regionis
1809 1086 2057 1134 Canaden-

515 1168 578 1214 sis
594 1168 643 1212 in
675 1167 894 1213 America
919 1164 1286 1226 Septentrionali
1308 1182 1360 1212 ac
1382 1165 1666 1212 Provinciali
1690 1164 1908 1213 Concilio
1929 1181 2055 1213 anno

512 1246 739 1306 superiori
768 1243 998 1291 celebrato
1021 1242 1175 1288 Nobis
1196 1243 1536 1303 supplicarunt,
1558 1254 1624 1299 ut,
1642 1260 1736 1304 quo
1758 1243 1925 1291 melius
1950 1260 2055 1305 pro-

511 1324 658 1370 videri
679 1324 827 1384 possit
868 1320 1102 1382 spirituali
1123 1319 1247 1366 bono
1277 1320 1501 1378 fidelium,
1529 1337 1699 1367 novam
1721 1321 2055 1383 Episcopalem

514 1403 670 1450 sedem
700 1403 979 1462 erigeremus
1020 1401 1069 1445 in
1107 1398 1314 1446 Civitate
1349 1399 1513 1447 Sancti
1536 1400 1815 1461 Hyacinthi,
1852 1401 2053 1448 ‹lismen-

510 1483 657 1529 bratis
678 1480 917 1527 nonnullis
939 1478 1213 1538 regionibus
1229 1494 1290 1524 ex
1305 1479 1417 1525 satis
1428 1478 1596 1539 amplis
1611 1478 1910 1527 Dioecesibus
1926 1479 2054 1533 Que-

509 1562 699 1608 becensi
730 1569 776 1605 et
805 1557 1247 1618 Marianopolitana,
1285 1572 1388 1617 quae
1426 1573 1545 1603 nova
1587 1556 1883 1619 Episcopalis
1921 1558 2054 1606 sedes

510 1640 806 1700 suffraganea
842 1647 963 1684 esset
997 1635 1423 1696 Archiepiscopalis
1460 1636 1684 1683 Ecclesiae
1718 1636 2051 1689 Quebecensis.

510 1719 612 1766 Nos
645 1718 733 1765 hac
771 1733 909 1777 super
942 1731 1135 1767 recum
1172 1713 1279 1762 VV.
1305 1714 1395 1761 FF.
1417 1712 1525 1760 NN.
1552 1713 1597 1760 S.
1625 1715 1679 1761 R.
1705 1714 1759 1761 E.
1827 1714 2053 1763 Cardina-

508 1797 635 1844 libus
657 1795 971 1858 propagandae
991 1794 1124 1840 Fidei
1138 1794 1398 1855 praepositis
1430 1792 1789 1841 deliberavimus
1806 1811 1860 1841 ac
1874 1799 2054 1842 mature

515 1876 755 1939 perpensis
771 1871 989 1919 omnibus
1003 1871 1515 1919 dictorumAntistitum
1524 1872 1741 1932 precibus
1755 1872 2058 1920 adnuendum

511 1964 654 2014 atque
676 1952 736 1999 ad
754 1952 1033 1998 erectionem
1055 1964 1188 1996 novae
1206 1949 1432 1996 Ecclesiae
1454 1950 1687 2010 praedictae
1708 1951 2053 1999 deveniendum

507 2031 895 2080 existimavimus.
960 2027 1128 2089 Itaque
1169 2037 1299 2075 motu
1327 2030 1512 2089 proprio
1552 2045 1606 2076 ac
1651 2041 1833 2077 matura
1878 2029 2054 2079 delibe-

505 2111 685 2158 ratione
708 2106 894 2164 Nostra,
917 2106 1068 2167 deque
1083 2106 1369 2167 Apostolicae
1391 2109 1636 2167 potestatis
1674 2107 1968 2169 plenitudine
1989 2124 2053 2156 ex

510 2187 845 2235 Archidioecesi
880 2184 1176 2239 Quebecensi
1199 2201 1252 2231 ac
1275 2184 1491 2232 districtu
1526 2185 1688 2233 Sancti
1709 2186 1949 2234 Francisci
1981 2203 2052 2235 se-

504 2266 750 2327 jungimus
787 2280 838 2310 ac
860 2262 1252 2310 dismembramus
1282 2272 1462 2324 partem
1483 2266 1730 2311 comitatus
1762 2264 1906 2327 vulgo
1937 2265 2053 2315 dicti

511 2344 804 2399 Sherbrooke‚
820 2342 1288 2403 comprehendentem
1315 2342 1420 2389 loca
1449 2344 1745 2402 (Townships)
1780 2354 2054 2405 nuncupata

508 2423 796 2477 Melbourne‚
844 2423 1112 2478 Brompton,
1179 2422 1361 2479 Offord,
1424 2422 1571 2478 Ascot,
1631 2423 1805 2479 Eaton,
1858 2424 2049 2482 Glisma,

510 2498 738 2557 Compton
759 2507 805 2545 et
835 2500 1067 2559 Hereford
1080 2519 1096 2549 ;
1132 2514 1191 2545 ex
1214 2498 1402 2545 dioecesi
1426 2502 1529 2546 vero
1550 2516 1604 2546 ac
1636 2499 1852 2548 districtu
1875 2500 2050 2549 Maria-

504 2577 781 2639 napolitano
831 2576 1219 2624 dismembramus
1266 2578 1513 2624 comitatus
1562 2576 1721 2625 Sancti
1769 2577 2049 2640 Hyacinthi,

508 2659 765 2714 Richelieu,
785 2658 1008 2713 Rouville,
1028 2657 1309 2718 Missisqu0i‚
1333 2658 1551 2717 Shefford
1569 2667 1617 2704 et
1633 2659 1894 2705 Stanstead.
1949 2658 2049 2720 Igi-

509 2745 586 2782 tur
620 2734 706 2782 has
740 2734 954 2794 regiones
985 2749 1068 2780 seu
1087 2733 1192 2780 loca
1212 2735 1381 2794 partim
1408 2734 1468 2781 ab
1497 2734 1836 2783 Archidioecesi
1859 2735 2046 2791 Quebe-

507 2814 650 2870 censi,
684 2813 855 2875 partim
889 2815 917 2858 a
949 2811 1141 2858 dioecesi
1173 2811 1615 2874 Marianopolitana‚
1643 2823 1696 2862 ut
1724 2817 1934 2877 superius
1955 2816 2048 2865 dis-

506 2891 781 2949 membrata,
814 2891 1096 2938 territorium
1132 2890 1308 2938 efficere
1335 2891 1551 2938 volumus
1581 2908 1713 2939 novae
1751 2892 2047 2957 Episcopalis

508 2967 751 3027 Ecclesiae,
782 2972 918 3030 cujus
938 2968 1095 3016 sedem
1115 2970 1165 3015 in
1190 2968 1397 3017 Civitate
1432 2970 1595 3017 Sancti
1621 2970 1885 3031 Hyacinthi
1904 2974 2045 3036 erigi-

501 3063 608 3095 mus
641 3059 689 3096 et
723 3048 1056 3095 constituimus
1088 3063 1286 3109 eamque
1320 3047 1664 3110 suffraganeam
1694 3065 1795 3097 esse
1824 3049 2043 3099 volumus
