2600 3520
508 317 586 370 84
962 338 1251 377 cone-mnu
1287 342 1625 382 Qunnsonnsn

510 473 620 506 nem
648 459 905 511 habuimus
942 480 1049 512 cum
1081 464 1191 514 VV.
1230 466 1324 514 FF.
1347 466 1457 514 NN.
1482 468 1529 516 S.
1555 468 1612 517 E.
1635 469 1691 518 R.
1731 468 2066 520 cardinalibus

508 538 825 600 propagandae
841 540 952 589 fidei
986 545 1265 606 praepositis‚
1285 545 1599 608 omnibusque
1629 554 1810 596 mature
1829 551 2071 613 perpensis

507 617 731 678 expedire
753 620 804 666 in
829 619 1034 668 Domino
1049 621 1368 683 Judicavimus
1401 633 1454 671 ut
1485 624 1548 671 ad
1582 625 1817 686 praedictae
1838 626 2064 676 Ecclesiae

507 698 791 744 erectionem
811 698 1128 747 deveniamus.
1192 698 1363 761 Itaque
1394 711 1525 749 motu
1546 704 1749 764 propri0,
1771 713 1896 752 certa
1917 707 2064 753 scien-

504 774 573 821 tia
608 791 663 822 ac
699 785 883 823 matura
898 775 1232 826 deliberatione
1268 776 1458 838 Nostra,
1493 780 1644 842 deque
1664 781 1863 843 Aplicae.
1896 786 2060 833 auctis.

503 852 799 914 plenitudine
821 871 849 900 a
870 853 1078 902 Dioecesi
1100 854 1400 909 Quebecensi
1421 860 1731 921 sejungimus,
1759 876 1813 907 ac
1846 860 2063 909 dismem-

503 930 694 978 bramus
716 941 867 980 totum
889 932 1153 983 districtum
1173 935 1611 996 Trifluvianensem‚
1636 936 1899 986 Comitatus
1919 938 2064 1002 vulgo

500 1008 648 1057 dictos
696 1012 990 1071 Champlain,
1035 1012 1199 1062 Sancti
1242 1014 1474 1074 Mauritii,
1523 1017 1772 1073 Yamaska,
1802 1018 1987 1064 Nic-olet
2017 1026 2064 1066 et

498 1090 795 1136 Drummond
814 1092 1299 1152 comprehendentem,
1315 1094 1429 1142 item
1448 1103 1628 1155 partem
1650 1096 1898 1143 comitatus
1919 1095 2063 1158 vulgo

497 1166 615 1214 dicti
637 1169 934 1227 Sherbroolae,
955 1172 1005 1217 in
1033 1170 1253 1219 districtu
1271 1171 1436 1220 Sancti
1469 1172 1508 1219 F
1508 1174 1724 1230 rancisci,
1741 1174 1790 1220 in
1807 1187 1900 1235 qua
1932 1175 2060 1222 inve-

498 1245 697 1293 niuntur
736 1246 840 1294 loca
882 1249 1186 1309 (Townships)
1228 1259 1503 1311 nuncupata
1549 1252 1773 1311 Gartkby,
1812 1254 2063 1313 Stratfhrd,

506 1326 734 1383 Whfflon,
769 1328 999 1384 Maraton,
1039 1329 1241 1384 Οἰίηιοη,
1285 1328 1504 1386 Woburn‚
1546 1330 1794 1388 Stanlzope,
1835 1330 2060 1390 Croydon‚

474 1403 742 1462 'Cheslcana
793 1406 1005 1463 Adstock,
1057 1406 1284 1464 Linwick,
1342 1407 1557 1463 Weedon,
1609 1408 1861 1465 Ducis-well,
1908 1409 2062 1468 Bury,

496 1484 765 1543 Hampden,
785 1486 968 1542 Dinon,
993 1485 1265 1542 Embarton,
1287 1486 1517 1544 Drayton,
1541 1486 1800 1541 Auckland,
1823 1486 2061 1545 Newport,

506 1562 763 1621 Wesfflmy,
788 1563 938 1616 Stolce,
970 1564 1189 1609 Windsor
1211 1573 1258 1610 et
1276 1565 1486 1622 Shipton.
1552 1562 1656 1609 Has
1677 1564 1890 1625 regiones
1913 1564 2060 1625 igitur

496 1649 544 1687 et
562 1639 790 1701 praedicta
814 1640 919 1687 loca
941 1646 966 1687 a
989 1639 1286 1694 Quebecensi
1309 1641 1500 1688 dioecesi
1525 1640 1856 1689 dismembrata
1876 1644 2057 1690 territo,

495 1720 617 1765 rium
659 1719 836 1767 efficere
867 1719 1100 1768 volumus.
1116 1736 1249 1767 novae
1288 1720 1498 1767 ecclesiae
1542 1719 1841 1768 Trifluvianae
1876 1737 2058 1768 nuncu-

495 1799 663 1860 pandae
686 1803 820 1860 quus
835 1799 990 1847 sedem
1012 1799 1325 1861 episcopalem
1340 1801 1389 1845 in
1413 1799 1619 1847 Civitate
1639 1799 1939 1847 Trifluvianae
1971 1802 2058 1847 eri-

496 1879 654 1939 gimus
687 1887 734 1926 et
763 1879 1108 1936 constituimus,
1131 1888 1273 1939 atque
1298 1878 1420 1924 hanc
1441 1876 1779 1925 Trifluvianam
1814 1878 2060 1926 ecclesiam

500 1959 562 2003 sice
601 1967 801 2004 erectam
845 1958 1185 2019 suffraganeam
1229 1973 1329 2003 esse
1372 1956 1589 2003 volumus
1631 1956 2059 2017 Archiepiscopalis

491 2034 718 2083 Ecclesiae
742 2035 1078 2090 Quebecensis.
1146 2035 1260 2083 Haec
1283 2035 1516 2093 volumus,
1538 2037 1789 2082 statuimus
1803 2045 1849 2082 et
1864 2035 2057 2083 manda-

492 2131 612 2173 mus,
655 2115 953 2163 decernentes
993 2116 1080 2162 has
1115 2115 1296 2162 litteras
1329 2114 1500 2172 firmas,
1524 2114 1706 2161 validas
1749 2124 1794 2161 et
1848 2113 2058 2161 efficaces

490 2195 693 2242 existere
716 2206 762 2242 et
782 2195 894 2252 iore,
916 2212 1116 2257 suosque
1137 2196 1372 2258 plenarios
1390 2205 1437 2243 et
1457 2197 1665 2257 integros
1686 2196 1879 2243 effectus
1903 2194 2058 2244 sortiri

487 2283 537 2320 et
557 2273 782 2329 obtinere,
805 2277 957 2336 iisque
993 2276 1053 2322 ad
1075 2291 1192 2337 quos
1225 2285 1440 2337 spectant
1475 2276 1640 2336 quovis
1663 2286 1870 2337 tempore
1893 2275 2057 2322 suffra-

488 2354 609 2414 gari,
639 2355 799 2414 sicque
823 2356 874 2401 in
895 2356 1146 2415 praemissis
1161 2371 1242 2415 per
1258 2369 1579 2415 quoscumque
1596 2353 1779 2415 judices
1799 2354 2058 2400 ordinarios

487 2441 536 2480 et
549 2431 809 2494 delegatos,
822 2434 963 2479 etiam
973 2448 1217 2480 causarum
1239 2431 1404 2494 palatii
1419 2432 1593 2494 Aplici.
1616 2431 1849 2479 auditores
1865 2448 1920 2478 ac
1944 2431 2056 2491 SR,

487 2510 546 2559 E.
570 2510 865 2568 Cardinales,
890 2511 1074 2559 sublata
1100 2514 1181 2569 eis,
1211 2522 1258 2558 et
1292 2527 1451 2558 eorum
1484 2511 1681 2559 cuilibet
1717 2511 1883 2572 quavis
1918 2510 2060 2559 aliter

479 2589 731 2653 judicandi
746 2600 792 2637 et
810 2590 1146 2651 interpretandi
1167 2590 1394 2637 facultate
1411 2600 1458 2637 et
1471 2599 1619 2637 aucte.
1634 2589 1850 2651 judicari,
1866 2604 1922 2636 ae
1944 2588 2055 2636 defi-

484 2670 578 2718 niri
609 2669 793 2727 debere,
830 2670 1107 2731 irritumque
1130 2678 1175 2716 et
1219 2671 1359 2715 inane
1380 2668 1614 2730 quidquid
1645 2672 1779 2715 secus
1806 2683 1947 2729 super
1976 2668 2053 2714 his

489 2752 516 2797 a
536 2764 792 2811 quoquam,
815 2750 983 2810 quavis
1005 2758 1152 2795 aucto.
1180 2749 1379 2795 scienter
1411 2747 1485 2795 vel
1516 2748 1786 2809 ignoranter
1805 2747 2059 2807 contigerit

485 2829 718 2877 attentari.
781 2825 891 2875 Nou
914 2826 1094 2875 obstan.
1161 2825 1350 2885 Nostra,
1367 2835 1413 2874 et
1430 2825 1739 2873 Concellariae
1762 2824 1958 2885 Aplicae.
1979 2839 2053 2871 rc-

486 2906 599 2969 gula
620 2907 676 2954 de
692 2910 796 2968 jure
819 2908 1016 2968 quaesito
1046 2921 1142 2953 non
1164 2903 1372 2953 tollendo
1394 2915 1441 2952 et
1468 2915 1701 2965 quatenus
1718 2920 1835 2966 opus
1872 2906 1935 2952 sit
1955 2903 2046 2952 fel:

485 3001 589 3035 rec:
627 2985 872 3034 Benedicti
906 2983 1034 3034 XVI
1077 2983 1436 3032 Praedecessoris
1466 2984 1611 3031 nostri
1637 2998 1777 3045 super
1797 2982 2046 3031 Divisione

482 3062 806 3123 materiarum,
835 3064 1033 3126 allisque
1060 3062 1257 3126 Aplicis.
1306 3061 1742 3111 Constitutionibus
1783 3063 2054 3124 caeterisque
