2592 3616
1192 359 1544 395 PnovmcrALs
1568 361 1601 397 1.
2093 350 2163 401 53

618 487 888 555 integrum
940 484 1219 546 Christum,
1266 500 1550 550 verumque
1595 493 1967 540 sacramentum
2012 491 2161 544 sumi.

627 575 934 627 Constanter
956 579 1108 625 teneo
1129 572 1496 641 Purgatorium
1521 591 1645 637 esse,
1667 574 1963 642 animasque
1985 577 2059 629 ibi
2081 580 2166 632 de-

621 668 794 716 tentas
818 661 1076 713 Fidelium
1113 661 1367 730 suffragiis
1384 662 1568 731 juvari.
1642 661 1887 715 Similiter
1928 670 1980 717 et
2017 666 2167 720 Sanc-

625 757 703 803 tos
726 767 831 803 una
854 768 972 802 cum
988 749 1193 802 Christo
1213 757 1489 818 regnantes
1511 752 1842 814 venerandOS‚
1895 759 2051 820 atque
2090 755 2167 806 in·

619 840 876 893 'vocandos
900 856 1045 898 esse3
1106 855 1294 904 eosque
1338 838 1590 891 orationes
1619 840 1733 891 Deo
1775 858 1870 908 pro
1914 842 2063 895 nobis
2097 843 2168 895 of-

624 928 757 981 ferre
781 949 794 990 ;
834 934 990 994 atque
1028 943 1206 978 eorum
1240 926 1484 993 reliquias
1509 945 1614 980 esse
1659 930 1984 983 venerandas.
2056 931 2168 985 Fir-

626 1016 850 1068 missime
877 1032 1061 1076 assere,
1097 1015 1348 1083 imagines
1372 1016 1578 1079 Christi,
1616 1034 1676 1068 ac
1701 1018 1939 1086 Deiparae
1965 1037 2166 1089 semper

626 1105 856 1174 virginis,
894 1120 1096 1157 necnon
1117 1102 1337 1154 aliorum
1358 1109 1648 1156 sanctorum
1665 1105 1926 1160 habendas
1957 1114 2009 1161 et
2049 1110 2167 1162 reti·

627 1195 820 1247 nendas
843 1210 967 1255 esse,
1006 1198 1162 1259 atque
1188 1192 1261 1244 eis
1286 1193 1517 1252 debitum
1539 1194 1785 1246 honorem
1810 1213 1869 1247 ac
1888 1198 2167 1250 veneratio-

626 1301 746 1335 nem
766 1282 1173 1350 impertiendam.
1250 1282 1696 1350 Indulgentiarum
1751 1283 1906 1335 etiam
1950 1291 2168 1352 potesta-

624 1379 731 1425 tem
752 1390 782 1424 a
805 1372 1009 1424 Christo
1034 1370 1091 1421 in
1116 1370 1346 1422 Ecclesia
1364 1369 1593 1422 relictam
1631 1369 1787 1423 fuisse
1806 1391 1820 1433 ;
1859 1372 2167 1440 illarumque

624 1478 776 1513 usum
800 1460 1094 1512 Christiano
1120 1459 1310 1526 populo
1330 1459 1552 1511 maxime
1578 1460 1854 1512 salutarem
1899 1479 2008 1513 esse
2037 1462 2168 1514 affir-

626 1567 725 1601 m0.
799 1548 1055 1609 Sanctam,
1094 1546 1429 1608 Catholicam‚
1487 1554 1537 1599 et
1583 1549 1929 1614 Apostolicam
1982 1551 2166 1603 Roma-

627 1655 745 1690 nam
773 1636 1072 1696 Ecclesiam,
1109 1635 1339 1687 omnium
1364 1635 1708 1687 Ecclesiarum
1729 1644 1943 1689 matrem
1979 1643 2032 1691 et
2062 1655 2152 1691 ma»

624 1727 839 1796 gistram
860 1742 1113 1794 agnosc03
1154 1724 1493 1789 Romanoque
1528 1724 1783 1786 Pontifici,
1842 1726 1980 1777 beati
2022 1725 2168 1777 Petri

627 1814 995 1883 Apostolorum
1019 1812 1277 1879 Principis
1297 1814 1589 1875 successori,
1629 1831 1686 1865 ac
1709 1814 1743 1864 J
1746 1831 1836 1865 esu
1860 1814 2052 1866 Christi
2075 1814 2168 1867 Vi-

625 1904 763 1957 cario
784 1919 959 1956 veram
1003 1900 1346 1953 obedientiam
1391 1902 1614 1968 spondeo
1664 1920 1719 1952 :10
1760 1903 1893 1970 jurO.
1967 1903 2167 1956 Caetera

622 1993 751 2046 item
774 1991 982 2043 omnino
1003 2007 1034 2041 a
1055 1989 1208 2041 sacris
1233 1989 1528 2040 Canonibus
1575 1997 1624 2038 et
1651 1992 1994 2043 (Ecumenicis
2031 1991 2163 2043 Con·

624 2081 773 2143 ciliis,
817 2097 876 2131 ac
900 2078 1157 2147 praecipue
1196 2095 1227 2128 a
1264 2094 1537 2128 sacrosanc.
1623 2079 1919 2129 'tridentina
1963 2078 2165 2146 Synodo

629 2170 832 2229 tradita,
897 2166 1110 2218 definita
1165 2172 1218 2217 et
1274 2166 1544 2227 declarata,
1581 2168 1756 2217 inumb*
1808 2175 1887 2217 fun
1913 2187 1930 2216 s
1975 2167 2164 2233 recipio

627 2266 781 2327 atque
805 2257 1048 2326 profiteor
1074 2275 1087 2315 ;-
1124 2254 1379 2320 simulque
1404 2256 1657 2307 contraria
1676 2257 1829 2306 omnia
1886 2268 2039 2320 atque
2101 2275 2166 2306 :e-

628 2366 766 2402 reses
787 2361 1140 2415 quascumque
1175 2345 1240 2395 ab
1267 2343 1496 2395 Ecclesia
1531 2345 1810 2405 damnatas,
1847 2350 1898 2396 et
1939 2345 2165 2411 rejectas.

627 2445 680 2492 et
743 2433 1198 2490 anathematizatas
1268 2449 1362 2500 ego
1446 2432 1637 2499 pariter
1721 2433 1922 2493 damno,
2025 2434 2166 2500 ejicio

630 2534 683 2581 et
705 2523 1096 2580 anathematizo
1171 2521 1327 2573 Hanc
1343 2538 1512 2572 veram
1540 2520 1855 2574 Catholicam
1875 2522 2042 2581 fidem,
2082 2539 2168 2572 ex-

628 2624 710 2670 tra
731 2632 887 2683 quam
905 2630 1057 2665 nemo
1079 2611 1248 2664 salvus
1288 2627 1395 2662 esse
1431 2616 1613 2677 potest,
1652 2627 1806 2676 quam
1842 2610 1895 2661 in
1930 2626 2111 2677 praesev*
2130 2609 2170 2660 ti

630 2706 809 2774 sponte
830 2704 1089 2771 profiteor,
1121 2706 1173 2752 et
1195 2699 1445 2752 veraciter
1464 2706 1629 2761 tenen,
1667 2699 1894 2751 eamdem
1916 2699 2005 2750 int‹
2028 2715 2170 2761 ¹„am

622 2801 685 2849 *et
705 2793 1018 2851 inviolatam,
1054 2806 1219 2856 usque
1241 2789 1306 2840 ad
1329 2794 1617 2840 extremum
1641 2789 1760 2841 vitae
1781 2787 2029 2855 spiritum,
2055 2803 2171 2839 con-

630 2882 939 2938 stantissime
956 2880 1096 2951 (Deo
1120 2875 1424 2948 adjuvante)
1443 2877 1662 2928 retinere
1686 2883 1736 2928 et
1751 2875 1995 2937 confiteri,
2018 2880 2174 2942 atque

632 2991 664 3027 a
682 2973 810 3025 meis
830 2969 1067 3031 subditis,
1103 2967 1185 3020 vel
1209 2966 1327 3028 illis,
1363 2983 1582 3033 quorum
1600 2981 1722 3017 cura
1745 2965 1811 3016 ad
1853 2981 1936 3017 me
1968 2964 2025 3016 in
2063 2980 2173 3017 mu-

629 3080 755 3116 nere
800 3077 916 3116 meo
963 3056 1230 3127 spectabit,
1291 3055 1472 3116 teneri,
1530 3054 1713 3116 doceri,
1781 3059 1833 3106 et
1891 3052 2171 3122 praedicari,
