2568 3536
1179 355 1530 395 rnovmcmm
1564 357 1599 393 1.
2085 347 2153 398 65

621 491 674 539 et
693 484 860 546 amici,
884 482 975 535 illa
995 498 1114 535 vero
1133 498 1239 533 non
1262 481 1449 534 ancilla
1472 488 1672 535 tantum
1692 488 1745 534 et
1767 482 1966 547 dilecta,
1990 486 2079 538 sed
2102 491 2156 539 et

620 582 784 627 mater
808 571 1017 624 Domini
1040 571 1118 623 sui
1141 570 1330 634 extitit,
1355 588 1473 638 quae
1494 571 1670 623 lumen
1690 576 1941 624 aeternum
1964 575 2156 626 mundo

620 663 816 725 effudit,
842 662 1021 714 Jesum
1054 660 1312 713 Christum
1339 661 1653 713 Salvatorem
1686 666 1931 714 nostrum.
2003 661 2157 715 Unde

623 752 766 804 illam
788 752 990 802 beatam
1012 750 1253 801 dixerunt
1271 766 1448 801 omnes
1470 750 1852 818 generationes;
1889 750 2032 802 illam
2054 767 2160 802 om-

621 857 714 893 nes
739 840 998 900 Ecclesiae,
1019 845 1130 890 tum
1150 838 1345 900 PatreS,
1370 846 1481 890 tum
1509 840 1737 892 doctores
1761 840 1916 892 tantis
1940 841 2162 894 exstule-

622 936 744 981 runt
762 928 1000 980 laudibus
1021 947 1033 987 ,¹
1073 927 1212 977 illius
1233 927 1517 978 encomium
1539 933 1616 979 tot
1638 928 1959 981 celebrarunt
1980 928 2161 982 Conci-

620 1018 706 1070 lia.
776 1018 845 1068 Et
879 1016 994 1066 ideo
1013 1015 1125 1067 haec
1161 1014 1411 1081 SynoduS,
1454 1014 1633 1067 iisdem
1673 1016 1900 1084 vestigiis
1926 1017 2162 1070 insistere

627 1106 853 1173 cupien8‚
869 1104 1102 1156 hortatur
1119 1109 1171 1154 et
1184 1104 1415 1155 obsecrat
1429 1103 1705 1170 Episcopos
1720 1104 1995 1170 provinciae
2013 1106 2162 1158 alios-

624 1212 726 1262 que
767 1193 1023 1260 quoslibet
1059 1191 1213 1244 saluti
1254 1192 1539 1244 animarum
1577 1191 1944 1254 incumbenteS‚
1971 1199 2029 1245 ut
2065 1211 2160 1262 pro

622 1282 821 1336 viribus
863 1280 967 1332 suis
992 1280 1187 1332 cultum
1224 1280 1540 1334 Beatissimae
1576 1281 1674 1332 Dei
1694 1280 1975 1333 Genitricis
1995 1283 2161 1350 magis

622 1389 681 1424 ac
705 1370 870 1438 magis
895 1386 1173 1438 propagare
1195 1369 1448 1430 studeant,
1469 1386 1561 1436 pro
1586 1377 1722 1422 certo
1744 1370 1994 1422 habentes
2019 1372 2159 1439 quod

622 1460 715 1527 qui
732 1458 985 1510 invenerit
1007 1464 1222 1509 matrem
1246 1457 1387 1509 illam
1410 1457 1787 1522 misericordiae,
1825 1458 2050 1512 inveniet
2086 1459 2161 1513 vi·

622 1554 729 1601 tam
750 1555 801 1599 et
826 1547 1032 1598 hauriet
1052 1550 1268 1598 salutem
1289 1563 1319 1597 a
1343 1546 1579 1597 Domino.

691 1636 843 1688 Unde
889 1635 1043 1703 hujus
1066 1634 1220 1702 primi
1261 1634 1478 1685 Concilii
1514 1634 1847 1687 Provincialis
1872 1637 2069 1699 PatreS,
2099 1637 2157 1689 in

621 1725 720 1776 hac
764 1723 977 1776 ecclesia
1021 1722 1429 1789 metropolitana,
1477 1723 1573 1774 sub
1612 1723 1762 1775 titulo
1805 1724 2161 1778 Immaculatae

621 1811 984 1880 conceptionis
1025 1812 1084 1863 B.
1108 1812 1182 1863 M.
1212 1811 1445 1879 Virginis
1484 1811 1729 1874 dedicata,
1771 1813 1836 1864 ad
1855 1813 2009 1880 pedes
2029 1814 2162 1883 ejus·

623 1902 741 1953 dem
765 1901 864 1953 Dei
888 1900 1165 1952 Genitricis
1207 1899 1419 1954 illibatae
1456 1899 1726 1967 provoluti,
1749 1900 1828 1951 illi
1849 1918 1901 1953 se
1940 1919 2161 1969 suasque

624 2006 743 2041 oves
767 1989 991 2041 offerunt
1011 2006 1068 2041 ac
1107 1989 1373 2051 devovent,
1418 2005 1633 2055 eamque
1674 1996 1871 2057 ponunt
1895 1992 2157 2042 custodem

620 2078 678 2129 in
697 2078 858 2129 vineis
884 2077 1001 2129 suis,
1075 2077 1265 2128 Oculos
1290 2078 1354 2128 ad
1379 2077 1562 2129 Sedem
1583 2078 1928 2144 Apostolicam
1953 2097 2158 2133 conver-

621 2172 741 2219 tunt
762 2165 1027 2217 humiliter
1050 2171 1101 2217 et
1123 2166 1389 2227 instanter,
1410 2183 1522 2217 eam
1544 2166 1871 2233 deprecantes
1894 2168 2028 2220 utin
2052 2186 2158 2220 om-

618 2254 772 2306 nibus
812 2254 969 2323 hujus
992 2254 1275 2306 Provinciae
1301 2254 1621 2307 Dioecesibus
1643 2255 1696 2307 in
1735 2256 1900 2307 officio
1925 2263 1978 2308 et
1998 2257 2159 2310 Missa

621 2342 984 2411 conceptionis
1005 2343 1176 2395 Reatae
1201 2343 1383 2396 Mariae
1419 2343 1652 2411 Virginis
1671 2343 1822 2395 liceat
1843 2344 1898 2395 in
1920 2345 2158 2396 orationi-

620 2433 719 2484 bus
744 2439 794 2483 et
816 2430 1113 2500 praefatione
1147 2432 1333 2482 addere
1375 2432 1531 2482 verba
1574 2432 1906 2495 immaculatae,
1931 2435 2155 2485 immacu-

621 2521 724 2572 lata
743 2539 763 2578 ;
800 2528 853 2572 et
871 2521 927 2571 in
945 2520 1137 2572 litaniis
1160 2521 1387 2589 ejusdem
1411 2520 1469 2571 B.
1493 2520 1675 2573 Mariae
1713 2521 1959 2589 Virginis,
1984 2524 2152 2590 reqina

618 2612 726 2661 sine
750 2609 856 2660 labe
880 2617 1117 2677 concepta,
1135 2626 1222 2660 ora
1238 2625 1333 2677 pro
1358 2609 1496 2660 nobas
1512 2627 1528 2660 .-
1547 2616 1701 2675 atque
1723 2609 1871 2661 etiam
1908 2620 2153 2677 tanquam

620 2699 868 2752 Ecclesiae
912 2698 1191 2750 Catholicae
1250 2698 1532 2750 doctrinam
1592 2698 1803 2749 definire
1855 2699 1979 2751 velit
2025 2700 2153 2751 Bea-

618 2788 830 2840 tissimae
857 2786 1087 2855 Virginis
1111 2786 1288 2839 Mariae
1316 2792 1618 2854 conceptum
1642 2786 2020 2840 immaculatum
2045 2806 2159 2841 om-

618 2877 742 2928 nino
775 2874 949 2938 fuisse,
976 2893 1035 2928 ac
1054 2876 1119 2928 ab
1155 2875 1296 2927 omni
1319 2892 1526 2944 prorsus
1550 2874 1809 2943 or=ginalis
1845 2876 2010 2945 culpae
2031 2876 2160 2929 labe

615 2964 916 3018 immunem.

1369 3090 1403 3125 l'.
