<?xml version="1.0" encoding="UTF-8"?>
<!DOCTYPE html PUBLIC "-//W3C//DTD XHTML 1.0 Transitional//EN"
    "http://www.w3.org/TR/xhtml1/DTD/xhtml1-transitional.dtd">
<html xmlns="http://www.w3.org/1999/xhtml" xml:lang="en" lang="en">
 <head>
  <title>
</title>
<meta http-equiv="Content-Type" content="text/html;charset=utf-8" />
  <meta name='ocr-system' content='tesseract 3.04.00' />
  <meta name='ocr-capabilities' content='ocr_page ocr_carea ocr_par ocr_line ocrx_word'/>
</head>
<body>
  <div class='ocr_page' id='page_1' title='image "./cihm_22335_0067.png"; bbox 0 0 2576 3536; ppageno 0'>
   <div class='ocr_carea' id='block_1_1' title="bbox 0 0 110 404">
    <p class='ocr_par' dir='ltr' id='par_1_1' title="bbox 0 0 110 404">
     <span class='ocr_line' id='line_1_1' title="bbox 0 0 110 404; baseline 0 3132"><span class='ocrx_word' id='word_1_1' title='bbox 0 0 110 404; x_wconf 95' lang='lat' dir='ltr'><strong> </strong></span> 
     </span>
    </p>
   </div>
   <div class='ocr_carea' id='block_1_2' title="bbox 465 331 1569 405">
    <p class='ocr_par' dir='ltr' id='par_1_2' title="bbox 465 331 1569 405">
     <span class='ocr_line' id='line_1_2' title="bbox 465 331 1569 405; baseline 0 -22"><span class='ocrx_word' id='word_1_2' title='bbox 465 331 536 386; x_wconf 84' lang='lat'><strong>62</strong></span> <span class='ocrx_word' id='word_1_3' title='bbox 907 348 1200 405; x_wconf 66' lang='lat' dir='ltr'><strong>cononum</strong></span> <span class='ocrx_word' id='word_1_4' title='bbox 1232 349 1302 389; x_wconf 81' lang='lat' dir='ltr'><strong>ou</strong></span> <span class='ocrx_word' id='word_1_5' title='bbox 1312 348 1569 384; x_wconf 74' lang='lat' dir='ltr'><strong>ssncsts</strong></span> 
     </span>
    </p>
   </div>
   <div class='ocr_carea' id='block_1_3' title="bbox 458 470 2008 621">
    <p class='ocr_par' dir='ltr' id='par_1_3' title="bbox 458 470 2008 621">
     <span class='ocr_line' id='line_1_3' title="bbox 465 470 2008 540; baseline -0.003 -13"><span class='ocrx_word' id='word_1_6' title='bbox 465 473 694 528; x_wconf 83' lang='lat' dir='ltr'><strong>tionibus</strong></span> <span class='ocrx_word' id='word_1_7' title='bbox 726 474 784 527; x_wconf 92' lang='lat' dir='ltr'><strong>in</strong></span> <span class='ocrx_word' id='word_1_8' title='bbox 826 473 1182 528; x_wconf 80' lang='lat' dir='ltr'>collationibus</span> <span class='ocrx_word' id='word_1_9' title='bbox 1225 473 1557 526; x_wconf 83' lang='lat' dir='ltr'><strong>discutiendis</strong></span> <span class='ocrx_word' id='word_1_10' title='bbox 1593 470 1783 540; x_wconf 90' lang='lat' dir='ltr'><strong>scri-pto</strong></span> <span class='ocrx_word' id='word_1_11' title='bbox 1802 487 2008 539; x_wconf 86' lang='lat' dir='ltr'><strong>respon-</strong></span> 
     </span>
     <span class='ocr_line' id='line_1_4' title="bbox 458 567 636 621; baseline 0 -1"><span class='ocrx_word' id='word_1_12' title='bbox 458 567 636 621; x_wconf 86' lang='lat' dir='ltr'><strong>deant.</strong></span> 
     </span>
    </p>
   </div>
   <div class='ocr_carea' id='block_1_4' title="bbox 791 667 1690 739">
    <p class='ocr_par' dir='ltr' id='par_1_4' title="bbox 791 667 1690 739">
     <span class='ocr_line' id='line_1_5' title="bbox 791 667 1690 739; baseline -0.004 -16"><span class='ocrx_word' id='word_1_13' title='bbox 791 671 1048 725; x_wconf 86' lang='lat' dir='ltr'><strong>XL—De</strong></span> <span class='ocrx_word' id='word_1_14' title='bbox 1056 668 1351 739; x_wconf 79' lang='lat' dir='ltr'><strong>famulabus</strong></span> <span class='ocrx_word' id='word_1_15' title='bbox 1374 667 1690 721; x_wconf 82' lang='lat' dir='ltr'><strong>sacerdotum.</strong></span> 
     </span>
    </p>
   </div>
   <div class='ocr_carea' id='block_1_5' title="bbox 467 771 2019 1376">
    <p class='ocr_par' dir='ltr' id='par_1_5' title="bbox 468 771 2019 1290">
     <span class='ocr_line' id='line_1_6' title="bbox 539 771 2016 833; baseline -0.006 0"><span class='ocrx_word' id='word_1_16' title='bbox 539 778 672 833; x_wconf 81' lang='lat' dir='ltr'><strong>Cum</strong></span> <span class='ocrx_word' id='word_1_17' title='bbox 692 777 994 830; x_wconf 89' lang='lat' dir='ltr'><strong>mulieribus</strong></span> <span class='ocrx_word' id='word_1_18' title='bbox 1014 775 1210 828; x_wconf 85' lang='lat' dir='ltr'><strong>nullam</strong></span> <span class='ocrx_word' id='word_1_19' title='bbox 1228 774 1648 828; x_wconf 88' lang='lat' dir='ltr'><strong>consuetudinem</strong></span> <span class='ocrx_word' id='word_1_20' title='bbox 1669 771 1898 825; x_wconf 76' lang='lat' dir='ltr'><strong>habeant</strong></span> <span class='ocrx_word' id='word_1_21' title='bbox 1917 771 2016 824; x_wconf 85' lang='lat' dir='ltr'><strong>cle-</strong></span> 
     </span>
     <span class='ocr_line' id='line_1_7' title="bbox 473 860 2015 929; baseline -0.005 -10"><span class='ocrx_word' id='word_1_22' title='bbox 473 865 569 919; x_wconf 90' lang='lat' dir='ltr'><strong>rici</strong></span> <span class='ocrx_word' id='word_1_23' title='bbox 607 865 662 917; x_wconf 90' lang='lat' dir='ltr'><strong>in</strong></span> <span class='ocrx_word' id='word_1_24' title='bbox 700 864 856 918; x_wconf 90' lang='lat' dir='ltr'><strong>sacris</strong></span> <span class='ocrx_word' id='word_1_25' title='bbox 898 864 1165 917; x_wconf 88' lang='lat' dir='ltr'><strong>ordinibus</strong></span> <span class='ocrx_word' id='word_1_26' title='bbox 1190 863 1471 926; x_wconf 90' lang='lat' dir='ltr'><strong>constituti,</strong></span> <span class='ocrx_word' id='word_1_27' title='bbox 1495 880 1590 916; x_wconf 92' lang='lat' dir='ltr'><strong>nec</strong></span> <span class='ocrx_word' id='word_1_28' title='bbox 1627 861 1769 914; x_wconf 92' lang='lat' dir='ltr'><strong>domi</strong></span> <span class='ocrx_word' id='word_1_29' title='bbox 1796 860 1937 929; x_wconf 86' lang='lat' dir='ltr'><strong>apud</strong></span> <span class='ocrx_word' id='word_1_30' title='bbox 1960 876 2015 913; x_wconf 85' lang='lat' dir='ltr'><strong>se</strong></span> 
     </span>
     <span class='ocr_line' id='line_1_8' title="bbox 475 949 2016 1017; baseline -0.005 -9"><span class='ocrx_word' id='word_1_31' title='bbox 475 955 747 1017; x_wconf 84' lang='lat' dir='ltr'><strong>retineant,</strong></span> <span class='ocrx_word' id='word_1_32' title='bbox 770 954 873 1007; x_wconf 88' lang='lat' dir='ltr'><strong>nisi</strong></span> <span class='ocrx_word' id='word_1_33' title='bbox 910 959 1148 1016; x_wconf 89' lang='lat' dir='ltr'><strong>matrem,</strong></span> <span class='ocrx_word' id='word_1_34' title='bbox 1193 969 1418 1005; x_wconf 88' lang='lat' dir='ltr'><strong>sororem</strong></span> <span class='ocrx_word' id='word_1_35' title='bbox 1446 957 1538 1004; x_wconf 78' lang='lat' dir='ltr'><strong>aut</strong></span> <span class='ocrx_word' id='word_1_36' title='bbox 1581 949 1829 1012; x_wconf 67' lang='lat' dir='ltr'><strong>amitam„</strong></span> <span class='ocrx_word' id='word_1_37' title='bbox 1845 964 2016 1016; x_wconf 89' lang='lat' dir='ltr'><strong>neque</strong></span> 
     </span>
     <span class='ocr_line' id='line_1_9' title="bbox 470 1039 2016 1111; baseline -0.004 -15"><span class='ocrx_word' id='word_1_38' title='bbox 470 1043 570 1096; x_wconf 91' lang='lat' dir='ltr'><strong>sibi</strong></span> <span class='ocrx_word' id='word_1_39' title='bbox 592 1041 810 1096; x_wconf 86' lang='lat' dir='ltr'><strong>famulas</strong></span> <span class='ocrx_word' id='word_1_40' title='bbox 835 1042 1088 1111; x_wconf 84' lang='lat' dir='ltr'><strong>accipiant</strong></span> <span class='ocrx_word' id='word_1_41' title='bbox 1108 1041 1190 1095; x_wconf 89' lang='lat' dir='ltr'><strong>vel</strong></span> <span class='ocrx_word' id='word_1_42' title='bbox 1213 1041 1486 1102; x_wconf 89' lang='lat' dir='ltr'><strong>retineant,</strong></span> <span class='ocrx_word' id='word_1_43' title='bbox 1499 1039 1601 1093; x_wconf 90' lang='lat' dir='ltr'><strong>nisi</strong></span> <span class='ocrx_word' id='word_1_44' title='bbox 1613 1042 1868 1108; x_wconf 82' lang='lat' dir='ltr'><strong>provectae</strong></span> <span class='ocrx_word' id='word_1_45' title='bbox 1894 1041 2016 1090; x_wconf 81' lang='lat' dir='ltr'><strong>aeta·</strong></span> 
     </span>
     <span class='ocr_line' id='line_1_10' title="bbox 468 1125 2019 1201; baseline -0.004 -17"><span class='ocrx_word' id='word_1_46' title='bbox 468 1131 538 1184; x_wconf 86' lang='lat' dir='ltr'><strong>tis</strong></span> <span class='ocrx_word' id='word_1_47' title='bbox 570 1129 744 1201; x_wconf 89' lang='lat' dir='ltr'><strong>(juxta</strong></span> <span class='ocrx_word' id='word_1_48' title='bbox 767 1138 1028 1200; x_wconf 84' lang='lat' dir='ltr'><strong>receptam</strong></span> <span class='ocrx_word' id='word_1_49' title='bbox 1049 1147 1307 1183; x_wconf 89' lang='lat' dir='ltr'><strong>sacrorum</strong></span> <span class='ocrx_word' id='word_1_50' title='bbox 1344 1129 1613 1182; x_wconf 86' lang='lat' dir='ltr'><strong>Canonum</strong></span> <span class='ocrx_word' id='word_1_51' title='bbox 1639 1125 2019 1195; x_wconf 86' lang='lat' dir='ltr'><strong>interpretatio·</strong></span> 
     </span>
     <span class='ocr_line' id='line_1_11' title="bbox 469 1213 2019 1290; baseline -0.003 -19"><span class='ocrx_word' id='word_1_52' title='bbox 469 1216 616 1290; x_wconf 89' lang='lat' dir='ltr'><strong>nem)</strong></span> <span class='ocrx_word' id='word_1_53' title='bbox 652 1225 704 1272; x_wconf 90' lang='lat' dir='ltr'><strong>et</strong></span> <span class='ocrx_word' id='word_1_54' title='bbox 725 1219 878 1274; x_wconf 84' lang='lat' dir='ltr'><strong>famae</strong></span> <span class='ocrx_word' id='word_1_55' title='bbox 899 1219 1127 1281; x_wconf 79' lang='lat' dir='ltr'><strong>illibatae,</strong></span> <span class='ocrx_word' id='word_1_56' title='bbox 1171 1219 1235 1271; x_wconf 91' lang='lat' dir='ltr'><strong>de</strong></span> <span class='ocrx_word' id='word_1_57' title='bbox 1259 1218 1449 1285; x_wconf 92' lang='lat' dir='ltr'><strong>quibus</strong></span> <span class='ocrx_word' id='word_1_58' title='bbox 1471 1217 1617 1270; x_wconf 91' lang='lat' dir='ltr'><strong>nulla</strong></span> <span class='ocrx_word' id='word_1_59' title='bbox 1637 1215 1801 1286; x_wconf 85' lang='lat' dir='ltr'><strong>possit</strong></span> <span class='ocrx_word' id='word_1_60' title='bbox 1835 1213 2019 1268; x_wconf 79' lang='lat' dir='ltr'><strong>haberi</strong></span> 
     </span>
    </p>

    <p class='ocr_par' dir='ltr' id='par_1_6' title="bbox 467 1324 708 1376">
     <span class='ocr_line' id='line_1_12' title="bbox 467 1324 708 1376; baseline 0.004 -16"><span class='ocrx_word' id='word_1_61' title='bbox 467 1324 708 1376; x_wconf 81' lang='lat' dir='ltr'><strong>suspicio.</strong></span> 
     </span>
    </p>
   </div>
   <div class='ocr_carea' id='block_1_6' title="bbox 472 1444 2024 1588">
    <p class='ocr_par' dir='ltr' id='par_1_7' title="bbox 472 1444 2024 1588">
     <span class='ocr_line' id='line_1_13' title="bbox 472 1444 2024 1516; baseline -0.002 -15"><span class='ocrx_word' id='word_1_62' title='bbox 472 1448 767 1501; x_wconf 85' lang='lat' dir='ltr'><strong>XII.-De</strong></span> <span class='ocrx_word' id='word_1_63' title='bbox 802 1447 1119 1500; x_wconf 74' lang='lat' dir='ltr'><strong>relationibus</strong></span> <span class='ocrx_word' id='word_1_64' title='bbox 1139 1445 1396 1516; x_wconf 82' lang='lat' dir='ltr'><strong>faciendis</strong></span> <span class='ocrx_word' id='word_1_65' title='bbox 1431 1447 1679 1516; x_wconf 78' lang='lat' dir='ltr'><strong>Episcopo</strong></span> <span class='ocrx_word' id='word_1_66' title='bbox 1704 1462 1737 1497; x_wconf 85' lang='lat' dir='ltr'><strong><em>a</em></strong></span> <span class='ocrx_word' id='word_1_67' title='bbox 1773 1444 2024 1498; x_wconf 72' lang='lat' dir='ltr'><strong>Parochis</strong></span> 
     </span>
     <span class='ocr_line' id='line_1_14' title="bbox 1030 1536 1456 1588; baseline 0 0"><span class='ocrx_word' id='word_1_68' title='bbox 1030 1544 1077 1588; x_wconf 82' lang='lat' dir='ltr'><strong>et</strong></span> <span class='ocrx_word' id='word_1_69' title='bbox 1099 1536 1456 1588; x_wconf 63' lang='lat' dir='ltr'><strong>Mass-ionariis·</strong></span> 
     </span>
    </p>
   </div>
   <div class='ocr_carea' id='block_1_7' title="bbox 471 1641 2032 2592">
    <p class='ocr_par' dir='ltr' id='par_1_8' title="bbox 471 1641 2032 2592">
     <span class='ocr_line' id='line_1_15' title="bbox 542 1641 2024 1711; baseline -0.001 -16"><span class='ocrx_word' id='word_1_70' title='bbox 542 1642 621 1695; x_wconf 89' lang='lat' dir='ltr'><strong>Ut</strong></span> <span class='ocrx_word' id='word_1_71' title='bbox 642 1648 787 1696; x_wconf 88' lang='lat' dir='ltr'><strong>tanto</strong></span> <span class='ocrx_word' id='word_1_72' title='bbox 811 1659 1025 1695; x_wconf 87' lang='lat' dir='ltr'><strong>munere</strong></span> <span class='ocrx_word' id='word_1_73' title='bbox 1048 1642 1289 1711; x_wconf 89' lang='lat' dir='ltr'><strong>pascendi</strong></span> <span class='ocrx_word' id='word_1_74' title='bbox 1313 1643 1510 1694; x_wconf 89' lang='lat' dir='ltr'><strong>animas</strong></span> <span class='ocrx_word' id='word_1_75' title='bbox 1548 1652 1600 1694; x_wconf 84' lang='lat' dir='ltr'><strong>et</strong></span> <span class='ocrx_word' id='word_1_76' title='bbox 1638 1641 1855 1710; x_wconf 86' lang='lat' dir='ltr'><strong>regendi</strong></span> <span class='ocrx_word' id='word_1_77' title='bbox 1890 1642 2024 1694; x_wconf 71' lang='lat' dir='ltr'><strong>bene</strong></span> 
     </span>
     <span class='ocr_line' id='line_1_16' title="bbox 472 1730 2027 1800; baseline -0.001 -17"><span class='ocrx_word' id='word_1_78' title='bbox 472 1730 767 1800; x_wconf 86' lang='lat' dir='ltr'><strong>fungamur,</strong></span> <span class='ocrx_word' id='word_1_79' title='bbox 788 1748 939 1784; x_wconf 91' lang='lat' dir='ltr'><strong>nemo</strong></span> <span class='ocrx_word' id='word_1_80' title='bbox 956 1748 1066 1783; x_wconf 85' lang='lat' dir='ltr'><strong>non</strong></span> <span class='ocrx_word' id='word_1_81' title='bbox 1086 1731 1226 1783; x_wconf 90' lang='lat' dir='ltr'><strong>videt</strong></span> <span class='ocrx_word' id='word_1_82' title='bbox 1255 1731 1437 1798; x_wconf 90' lang='lat' dir='ltr'><strong>quanti</strong></span> <span class='ocrx_word' id='word_1_83' title='bbox 1463 1731 1531 1783; x_wconf 91' lang='lat' dir='ltr'><strong>sit</strong></span> <span class='ocrx_word' id='word_1_84' title='bbox 1553 1731 1805 1783; x_wconf 86' lang='lat' dir='ltr'><strong>momenti</strong></span> <span class='ocrx_word' id='word_1_85' title='bbox 1828 1736 1889 1783; x_wconf 91' lang='lat' dir='ltr'><strong>ut</strong></span> <span class='ocrx_word' id='word_1_86' title='bbox 1912 1730 2027 1783; x_wconf 80' lang='lat' dir='ltr'><strong>boni</strong></span> 
     </span>
     <span class='ocr_line' id='line_1_17' title="bbox 473 1819 2023 1889; baseline 0 -17"><span class='ocrx_word' id='word_1_87' title='bbox 473 1821 635 1872; x_wconf 82' lang='lat' dir='ltr'><strong>instar</strong></span> <span class='ocrx_word' id='word_1_88' title='bbox 676 1822 891 1889; x_wconf 81' lang='lat' dir='ltr'><strong>pastoris</strong></span> <span class='ocrx_word' id='word_1_89' title='bbox 914 1837 1034 1872; x_wconf 81' lang='lat' dir='ltr'><strong>oves</strong></span> <span class='ocrx_word' id='word_1_90' title='bbox 1075 1827 1275 1872; x_wconf 87' lang='lat' dir='ltr'><strong>nostras</strong></span> <span class='ocrx_word' id='word_1_91' title='bbox 1296 1837 1681 1888; x_wconf 84' lang='lat' dir='ltr'><strong>cognoscamus,</strong></span> <span class='ocrx_word' id='word_1_92' title='bbox 1719 1825 1771 1872; x_wconf 93' lang='lat' dir='ltr'><strong>et</strong></span> <span class='ocrx_word' id='word_1_93' title='bbox 1792 1819 2023 1888; x_wconf 70' lang='lat' dir='ltr'><strong>apprime</strong></span> 
     </span>
     <span class='ocr_line' id='line_1_18' title="bbox 474 1908 2028 1977; baseline 0.001 -17"><span class='ocrx_word' id='word_1_94' title='bbox 474 1908 625 1961; x_wconf 90' lang='lat' dir='ltr'><strong>nobis</strong></span> <span class='ocrx_word' id='word_1_95' title='bbox 649 1909 936 1962; x_wconf 87' lang='lat' dir='ltr'><strong>innotescat</strong></span> <span class='ocrx_word' id='word_1_96' title='bbox 960 1909 1086 1976; x_wconf 89' lang='lat' dir='ltr'><strong>quid</strong></span> <span class='ocrx_word' id='word_1_97' title='bbox 1124 1909 1179 1960; x_wconf 90' lang='lat' dir='ltr'><strong>in</strong></span> <span class='ocrx_word' id='word_1_98' title='bbox 1216 1908 1432 1977; x_wconf 89' lang='lat' dir='ltr'><strong>singulis</strong></span> <span class='ocrx_word' id='word_1_99' title='bbox 1466 1908 1707 1976; x_wconf 89' lang='lat' dir='ltr'><strong>paroeciis</strong></span> <span class='ocrx_word' id='word_1_100' title='bbox 1726 1908 1810 1961; x_wconf 91' lang='lat' dir='ltr'><strong>vel</strong></span> <span class='ocrx_word' id='word_1_101' title='bbox 1830 1908 2028 1961; x_wconf 88' lang='lat' dir='ltr'><strong>missio-</strong></span> 
     </span>
     <span class='ocr_line' id='line_1_19' title="bbox 474 1997 2025 2067; baseline 0.001 -18"><span class='ocrx_word' id='word_1_102' title='bbox 474 1997 629 2050; x_wconf 86' lang='lat' dir='ltr'><strong>nibus</strong></span> <span class='ocrx_word' id='word_1_103' title='bbox 651 1997 928 2051; x_wconf 87' lang='lat' dir='ltr'><strong>fovendum</strong></span> <span class='ocrx_word' id='word_1_104' title='bbox 949 1999 1030 2061; x_wconf 94' lang='lat' dir='ltr'><strong>sit,</strong></span> <span class='ocrx_word' id='word_1_105' title='bbox 1057 1998 1183 2065; x_wconf 89' lang='lat' dir='ltr'><strong>quid</strong></span> <span class='ocrx_word' id='word_1_106' title='bbox 1207 1997 1582 2067; x_wconf 86' lang='lat' dir='ltr'><strong>corrigendum.</strong></span> <span class='ocrx_word' id='word_1_107' title='bbox 1620 1998 1743 2056; x_wconf 88' lang='lat' dir='ltr'><strong>Qua</strong></span> <span class='ocrx_word' id='word_1_108' title='bbox 1766 1999 1830 2050; x_wconf 90' lang='lat' dir='ltr'><strong>de</strong></span> <span class='ocrx_word' id='word_1_109' title='bbox 1855 2011 2025 2062; x_wconf 82' lang='lat' dir='ltr'><strong>causa,</strong></span> 
     </span>
     <span class='ocr_line' id='line_1_20' title="bbox 472 2085 2030 2154; baseline 0.001 -16"><span class='ocrx_word' id='word_1_110' title='bbox 472 2085 766 2149; x_wconf 87' lang='lat' dir='ltr'><strong>relationes,</strong></span> <span class='ocrx_word' id='word_1_111' title='bbox 791 2086 848 2138; x_wconf 90' lang='lat' dir='ltr'><strong>in</strong></span> <span class='ocrx_word' id='word_1_112' title='bbox 869 2086 1058 2153; x_wconf 91' lang='lat' dir='ltr'><strong>quibus</strong></span> <span class='ocrx_word' id='word_1_113' title='bbox 1075 2086 1430 2154; x_wconf 87' lang='lat' dir='ltr'><strong>unusquisque</strong></span> <span class='ocrx_word' id='word_1_114' title='bbox 1454 2086 1707 2154; x_wconf 87' lang='lat' dir='ltr'><strong>parochus</strong></span> <span class='ocrx_word' id='word_1_115' title='bbox 1726 2086 1810 2139; x_wconf 88' lang='lat' dir='ltr'><strong>vel</strong></span> <span class='ocrx_word' id='word_1_116' title='bbox 1833 2087 2030 2140; x_wconf 87' lang='lat' dir='ltr'><strong>missio-</strong></span> 
     </span>
     <span class='ocr_line' id='line_1_21' title="bbox 473 2174 2030 2244; baseline 0 -18"><span class='ocrx_word' id='word_1_117' title='bbox 473 2175 653 2227; x_wconf 87' lang='lat' dir='ltr'><strong>narius</strong></span> <span class='ocrx_word' id='word_1_118' title='bbox 690 2181 881 2228; x_wconf 91' lang='lat' dir='ltr'><strong>statum</strong></span> <span class='ocrx_word' id='word_1_119' title='bbox 901 2192 1104 2227; x_wconf 89' lang='lat' dir='ltr'><strong>morum</strong></span> <span class='ocrx_word' id='word_1_120' title='bbox 1129 2181 1181 2227; x_wconf 92' lang='lat' dir='ltr'><strong>et</strong></span> <span class='ocrx_word' id='word_1_121' title='bbox 1217 2174 1482 2244; x_wconf 84' lang='lat' dir='ltr'><strong>religionis</strong></span> <span class='ocrx_word' id='word_1_122' title='bbox 1503 2175 1559 2226; x_wconf 90' lang='lat' dir='ltr'><strong>in</strong></span> <span class='ocrx_word' id='word_1_123' title='bbox 1579 2192 1673 2227; x_wconf 88' lang='lat' dir='ltr'><strong>sua</strong></span> <span class='ocrx_word' id='word_1_124' title='bbox 1696 2175 1921 2243; x_wconf 88' lang='lat' dir='ltr'><strong>paroecia</strong></span> <span class='ocrx_word' id='word_1_125' title='bbox 1943 2174 2030 2229; x_wconf 88' lang='lat' dir='ltr'><strong>vel</strong></span> 
     </span>
     <span class='ocr_line' id='line_1_22' title="bbox 474 2262 2031 2332; baseline 0.001 -17"><span class='ocrx_word' id='word_1_126' title='bbox 474 2262 718 2315; x_wconf 90' lang='lat' dir='ltr'><strong>missione</strong></span> <span class='ocrx_word' id='word_1_127' title='bbox 743 2264 924 2316; x_wconf 87' lang='lat' dir='ltr'><strong>ordine</strong></span> <span class='ocrx_word' id='word_1_128' title='bbox 969 2266 1280 2332; x_wconf 78' lang='lat' dir='ltr'><strong>exposuerit,</strong></span> <span class='ocrx_word' id='word_1_129' title='bbox 1326 2264 1601 2330; x_wconf 87' lang='lat' dir='ltr'><strong>quotannis</strong></span> <span class='ocrx_word' id='word_1_130' title='bbox 1625 2272 1747 2316; x_wconf 87' lang='lat' dir='ltr'><strong>ante</strong></span> <span class='ocrx_word' id='word_1_131' title='bbox 1790 2264 2031 2316; x_wconf 85' lang='lat' dir='ltr'><strong>calendas</strong></span> 
     </span>
     <span class='ocr_line' id='line_1_23' title="bbox 479 2351 2029 2421; baseline 0 -17"><span class='ocrx_word' id='word_1_132' title='bbox 479 2351 812 2420; x_wconf 87' lang='lat' dir='ltr'><strong>Septembris,</strong></span> <span class='ocrx_word' id='word_1_133' title='bbox 857 2353 922 2404; x_wconf 90' lang='lat' dir='ltr'><strong>ad</strong></span> <span class='ocrx_word' id='word_1_134' title='bbox 956 2370 1051 2404; x_wconf 90' lang='lat' dir='ltr'><strong>nos</strong></span> <span class='ocrx_word' id='word_1_135' title='bbox 1074 2352 1229 2421; x_wconf 87' lang='lat' dir='ltr'><strong>dirigi</strong></span> <span class='ocrx_word' id='word_1_136' title='bbox 1246 2353 1506 2421; x_wconf 88' lang='lat' dir='ltr'><strong>jubemus.</strong></span> <span class='ocrx_word' id='word_1_137' title='bbox 1580 2353 1714 2410; x_wconf 85' lang='lat' dir='ltr'><strong>Quae</strong></span> <span class='ocrx_word' id='word_1_138' title='bbox 1738 2352 2029 2415; x_wconf 88' lang='lat' dir='ltr'><strong>relationes,</strong></span> 
     </span>
     <span class='ocr_line' id='line_1_24' title="bbox 478 2439 2032 2509; baseline 0.001 -17"><span class='ocrx_word' id='word_1_139' title='bbox 478 2439 725 2493; x_wconf 90' lang='lat' dir='ltr'><strong>unionem</strong></span> <span class='ocrx_word' id='word_1_140' title='bbox 742 2458 861 2507; x_wconf 86' lang='lat' dir='ltr'><strong>quae</strong></span> <span class='ocrx_word' id='word_1_141' title='bbox 875 2440 1055 2492; x_wconf 89' lang='lat' dir='ltr'><strong>fideles</strong></span> <span class='ocrx_word' id='word_1_142' title='bbox 1080 2447 1133 2492; x_wconf 90' lang='lat' dir='ltr'><strong>et</strong></span> <span class='ocrx_word' id='word_1_143' title='bbox 1154 2440 1400 2508; x_wconf 90' lang='lat' dir='ltr'><strong>parochos</strong></span> <span class='ocrx_word' id='word_1_144' title='bbox 1419 2457 1539 2493; x_wconf 92' lang='lat' dir='ltr'><strong>cum</strong></span> <span class='ocrx_word' id='word_1_145' title='bbox 1563 2440 1834 2509; x_wconf 87' lang='lat' dir='ltr'><strong>Episcopis</strong></span> <span class='ocrx_word' id='word_1_146' title='bbox 1857 2440 2032 2495; x_wconf 88' lang='lat' dir='ltr'><strong>devin-</strong></span> 
     </span>
     <span class='ocr_line' id='line_1_25' title="bbox 471 2527 1214 2592; baseline 0 -11"><span class='ocrx_word' id='word_1_147' title='bbox 471 2527 587 2581; x_wconf 75' lang='lat' dir='ltr'><strong>‘cire</strong></span> <span class='ocrx_word' id='word_1_148' title='bbox 610 2529 780 2592; x_wconf 90' lang='lat' dir='ltr'><strong>debet,</strong></span> <span class='ocrx_word' id='word_1_149' title='bbox 825 2529 1214 2581; x_wconf 86' lang='lat' dir='ltr'><strong>confirmabunt.</strong></span> 
     </span>
    </p>
   </div>
   <div class='ocr_carea' id='block_1_8' title="bbox 480 2651 2030 2722">
    <p class='ocr_par' dir='ltr' id='par_1_9' title="bbox 480 2651 2030 2722">
     <span class='ocr_line' id='line_1_26' title="bbox 480 2651 2030 2722; baseline 0.002 -18"><span class='ocrx_word' id='word_1_150' title='bbox 480 2651 803 2707; x_wconf 84' lang='lat' dir='ltr'><strong>XIII.—De</strong></span> <span class='ocrx_word' id='word_1_151' title='bbox 837 2654 1226 2722; x_wconf 76' lang='lat' dir='ltr'><strong>incorporatione</strong></span> <span class='ocrx_word' id='word_1_152' title='bbox 1240 2653 1635 2722; x_wconf 71' lang='lat' dir='ltr'><strong>presbyterorum</strong></span> <span class='ocrx_word' id='word_1_153' title='bbox 1674 2660 2030 2707; x_wconf 76' lang='lat' dir='ltr'><strong>extraneorum.</strong></span> 
     </span>
    </p>
   </div>
   <div class='ocr_carea' id='block_1_9' title="bbox 483 2757 2040 3096">
    <p class='ocr_par' dir='ltr' id='par_1_10' title="bbox 483 2757 2040 3096">
     <span class='ocr_line' id='line_1_27' title="bbox 551 2757 2036 2814; baseline 0.002 -4"><span class='ocrx_word' id='word_1_154' title='bbox 551 2757 746 2812; x_wconf 90' lang='lat' dir='ltr'><strong>Nullus</strong></span> <span class='ocrx_word' id='word_1_155' title='bbox 782 2765 1059 2813; x_wconf 86' lang='lat' dir='ltr'><strong>extraneus</strong></span> <span class='ocrx_word' id='word_1_156' title='bbox 1094 2760 1328 2812; x_wconf 89' lang='lat' dir='ltr'><strong>sacerdos</strong></span> <span class='ocrx_word' id='word_1_157' title='bbox 1347 2766 1407 2812; x_wconf 92' lang='lat' dir='ltr'><strong>ut</strong></span> <span class='ocrx_word' id='word_1_158' title='bbox 1443 2760 1735 2812; x_wconf 89' lang='lat' dir='ltr'><strong>membrum</strong></span> <span class='ocrx_word' id='word_1_159' title='bbox 1758 2759 1884 2813; x_wconf 89' lang='lat' dir='ltr'><strong>cleri</strong></span> <span class='ocrx_word' id='word_1_160' title='bbox 1906 2760 2036 2814; x_wconf 75' lang='lat' dir='ltr'><strong>dioe-</strong></span> 
     </span>
     <span class='ocr_line' id='line_1_28' title="bbox 483 2847 2040 2916; baseline 0.003 -17"><span class='ocrx_word' id='word_1_161' title='bbox 483 2847 654 2900; x_wconf 89' lang='lat' dir='ltr'><strong>cesani</strong></span> <span class='ocrx_word' id='word_1_162' title='bbox 678 2847 997 2911; x_wconf 88' lang='lat' dir='ltr'><strong>admittatur,</strong></span> <span class='ocrx_word' id='word_1_163' title='bbox 1020 2847 1147 2916; x_wconf 89' lang='lat' dir='ltr'><strong>quin</strong></span> <span class='ocrx_word' id='word_1_164' title='bbox 1169 2848 1327 2916; x_wconf 75' lang='lat' dir='ltr'><strong>priuS,</strong></span> <span class='ocrx_word' id='word_1_165' title='bbox 1347 2855 1538 2916; x_wconf 85' lang='lat' dir='ltr'><strong>praeter</strong></span> <span class='ocrx_word' id='word_1_166' title='bbox 1559 2848 1825 2902; x_wconf 85' lang='lat' dir='ltr'><strong>licentiam</strong></span> <span class='ocrx_word' id='word_1_167' title='bbox 1845 2866 2040 2903; x_wconf 88' lang='lat' dir='ltr'><strong>exeun-</strong></span> 
     </span>
     <span class='ocr_line' id='line_1_29' title="bbox 485 2936 2037 3009; baseline 0.002 -20"><span class='ocrx_word' id='word_1_168' title='bbox 485 2936 556 3000; x_wconf 90' lang='lat' dir='ltr'><strong>di,</strong></span> <span class='ocrx_word' id='word_1_169' title='bbox 580 2936 875 2989; x_wconf 86' lang='lat' dir='ltr'><strong>exhibuerit</strong></span> <span class='ocrx_word' id='word_1_170' title='bbox 914 2936 1116 2989; x_wconf 89' lang='lat' dir='ltr'><strong>litteras</strong></span> <span class='ocrx_word' id='word_1_171' title='bbox 1151 2937 1594 2990; x_wconf 89' lang='lat' dir='ltr'><strong>commendatitias</strong></span> <span class='ocrx_word' id='word_1_172' title='bbox 1617 2954 1798 2991; x_wconf 88' lang='lat' dir='ltr'><strong>recens</strong></span> <span class='ocrx_word' id='word_1_173' title='bbox 1821 2938 2037 3009; x_wconf 84' lang='lat' dir='ltr'><strong>scriptas</strong></span> 
     </span>
     <span class='ocr_line' id='line_1_30' title="bbox 487 3025 1466 3096; baseline 0.001 -18"><span class='ocrx_word' id='word_1_174' title='bbox 487 3031 542 3080; x_wconf 90' lang='lat' dir='ltr'><strong>et</strong></span> <span class='ocrx_word' id='word_1_175' title='bbox 563 3043 595 3078; x_wconf 89' lang='lat' dir='ltr'><strong>a</strong></span> <span class='ocrx_word' id='word_1_176' title='bbox 613 3026 820 3095; x_wconf 88' lang='lat' dir='ltr'><strong>proprio</strong></span> <span class='ocrx_word' id='word_1_177' title='bbox 834 3025 1090 3096; x_wconf 88' lang='lat' dir='ltr'><strong>Episcopo</strong></span> <span class='ocrx_word' id='word_1_178' title='bbox 1126 3025 1466 3095; x_wconf 87' lang='lat' dir='ltr'><strong>subsignatas.</strong></span> 
     </span>
    </p>
   </div>
   <div class='ocr_carea' id='block_1_10' title="bbox 0 3460 2576 3536">
    <p class='ocr_par' dir='ltr' id='par_1_11' title="bbox 0 3460 2576 3536">
     <span class='ocr_line' id='line_1_31' title="bbox 0 3460 2576 3536; baseline 0 0"><span class='ocrx_word' id='word_1_179' title='bbox 0 3460 2576 3536; x_wconf 95' lang='lat' dir='ltr'><strong> </strong></span> 
     </span>
    </p>
   </div>
   <div class='ocr_carea' id='block_1_11' title="bbox 2556 0 2576 32">
    <p class='ocr_par' dir='ltr' id='par_1_12' title="bbox 2556 0 2576 32">
     <span class='ocr_line' id='line_1_32' title="bbox 2556 0 2576 32; baseline 0 3504"><span class='ocrx_word' id='word_1_180' title='bbox 2556 0 2576 32; x_wconf 95' lang='lat' dir='ltr'><strong> </strong></span> 
     </span>
    </p>
   </div>
  </div>
 </body>
</html>
