2608 3632
452 404 523 457 40
894 416 1182 454 concitum
1218 418 1552 458 onnamznsa

524 543 590 597 R.
628 542 933 597 Benedictio
979 559 1133 612 super
1177 543 1343 606 illum,
1386 544 1631 599 diuturna
1673 546 2001 618 prosperitas,

453 636 646 685 sanctae
664 630 768 684 Dei
787 630 1031 685 Ecclesiae
1055 631 1315 685 exaltatio·

524 718 1030 773 Reverendissimum
1060 719 1345 771 Dominum
1380 719 1536 785 hujus
1572 719 1860 778 Provinciae
1889 723 2003 778 Me.

454 808 841 877 tropolitanum,
883 814 937 860 et
978 807 1033 858 in
1066 807 1166 859 hoc
1209 806 1438 860 Concilio
1473 807 1846 875 praesidentem,
1888 828 2003 865 rore

454 897 637 966 gratiae
657 913 766 950 suae
789 894 1063 964 perfundat
1086 894 1246 959 Deus,
1267 902 1321 949 et
1343 895 1407 948 ad
1428 895 1645 965 gloriam
1665 903 1910 952 aeternam
1924 916 2004 953 re-

456 992 637 1039 servet.

525 1073 589 1124 R.
628 1072 766 1123 Rore
808 1070 990 1140 gratiae
1011 1087 1120 1124 suae
1158 1069 1433 1139 perfundat
1457 1089 1577 1125 eum
1621 1073 1780 1136 Deus,
1805 1075 1872 1127 ad
1894 1075 2004 1145 glo-

454 1161 584 1214 riam
609 1165 855 1212 aeternam
879 1166 1161 1213 conservet.

524 1248 996 1305 Reverendissimos
1014 1247 1310 1316 Episcopus,
1333 1264 1459 1315 quos
1475 1247 1694 1316 Spiritus
1715 1248 1931 1304 Sanctus
1945 1251 2004 1304 in

452 1338 551 1391 hac
576 1337 782 1406 Synodo
806 1337 1138 1405 congregavit
1161 1338 1225 1388 ad
1248 1336 1465 1406 gloriam
1489 1343 1541 1390 et
1578 1338 1858 1393 utilitatem
1877 1340 2004 1394 Pro-

454 1425 636 1479 vinciae
659 1431 864 1487 nostrae,
886 1425 951 1477 ad
971 1424 1224 1477 Ecclesias
1249 1442 1366 1477 suas
1388 1423 1607 1478 feliciter
1629 1428 1843 1482 reducat
1864 1429 2004 1483 inco-

455 1514 638 1577 lumes,
660 1519 713 1566 et
739 1514 804 1565 ad
821 1512 1011 1566 multos
1029 1530 1190 1566 annos
1209 1520 1490 1568 conservet.

524 1603 589 1655 R.
627 1600 920 1655 Incolumes
962 1601 1190 1663 reducat,
1229 1608 1282 1654 et
1301 1602 1366 1654 ad
1407 1601 1596 1655 multos
1617 1618 1777 1657 annos
1802 1621 2003 1659 conser-

453 1696 554 1745 vet.

521 1778 777 1832 Omnibus
798 1778 856 1830 in
877 1777 976 1830 hoc
1017 1776 1248 1831 Concilio
1268 1778 1605 1849 congregatis,
1649 1796 1752 1849 pax
1790 1797 1912 1834 vera
1946 1787 2002 1835 et

453 1868 658 1937 copiosa
678 1866 985 1920 benedictin.

524 1956 589 2009 R.
628 1956 772 2008 Deus
789 1954 1096 2007 misereatur
1115 1954 1293 2017 nostri,
1318 1961 1370 2008 et
1386 1955 1661 2009 benedicat
1681 1957 1845 2010 nobis.

525 2043 720 2098 Patriae
756 2049 958 2106 nostrae,
983 2049 1037 2095 et
1079 2043 1318 2096 omnibus
1350 2044 1554 2113 populis
1577 2044 1883 2099 Christianis
1906 2044 2005 2099 Ca-

453 2129 660 2186 tholicae
679 2131 943 2201 religionis
980 2130 1136 2194 zelus,
1151 2130 1369 2201 justitia,
1390 2138 1444 2185 et
1462 2132 1601 2201 pacis
1623 2132 1926 2197 fecunditas,
1950 2139 2006 2187 et

453 2229 631 2274 contra
650 2219 958 2273 Christianae
979 2218 1104 2271 fidei
1120 2219 1294 2272 hostes
1316 2220 1544 2274 victoria.

523 2309 588 2361 R.
625 2307 778 2361 Zelus
795 2307 933 2370 fidei,
950 2306 1169 2378 justitia,
1185 2325 1289 2377 pax
1313 2315 1365 2362 et
1385 2308 1616 2363 victoria.

524 2396 736 2450 Civitati
752 2403 804 2448 et
826 2395 1115 2450 Provinciae
1129 2396 1283 2454 Queb
1289 2397 1457 2450 ecensi
1471 2396 1832 2465 tranquillitas,
1848 2397 2004 2463 salus,

454 2491 509 2539 et
528 2485 820 2539 divinarum
845 2484 1129 2553 gratiarum
1149 2485 1482 2538 abundantia.

523 2575 588 2626 R.
626 2573 812 2627 Gratia
833 2572 982 2627 nobis
1001 2578 1054 2625 et
1079 2573 1427 2641 tranquillitas
1450 2573 1837 2642 multiplicetur.

525 2664 865 2716 Decretorum
886 2662 1044 2733 hujus
1070 2661 1287 2715 Concilii
1308 2662 1683 2715 observantiam
1702 2661 2000 2726 salutarem,

456 2768 631 2804 omnes
656 2751 748 2819 qui
767 2752 1011 2804 adsumus
1026 2750 1260 2803 unanimi
1276 2756 1394 2804 voto
1418 2768 1449 2803 a
1487 2751 1600 2803 Deo
1619 2752 1872 2803 bonorum
1896 2768 2004 2803 om-

453 2841 598 2894 nium
640 2841 887 2911 largitore
930 2840 1198 2893 humiliter
1242 2840 1594 2908 imploremus,
1650 2840 2004 2894 intercedente

452 2929 747 2983 beatissima
787 2928 890 2981 Dei
907 2928 1160 2999 genitrice
1203 2928 1426 2998 Virgine
1463 2927 1648 2992 Maria,
1673 2946 1795 2982 cum
1834 2927 2004 2982 beatis

455 3017 721 3088 Apostolis
742 3018 901 3072 Petro
922 3023 977 3071 et
999 3017 1181 3082 Paulo,
1213 3018 1378 3072 beatis
1402 3017 1559 3088 hujus
1592 3017 1882 3074 Provincias
1901 3017 2003 3072 Par·

453 3106 631 3171 tronis,
647 3113 701 3161 et
717 3106 953 3160 omnibus
976 3105 1193 3162 Sanctis.
