2560 3520
1146 292 1201 345 vi

449 428 592 484 Quod
612 431 654 478 si
675 430 727 477 in
747 430 910 494 aliqua
924 430 1133 491 dioecesi,
1154 431 1230 480 vel
1252 432 1414 482 ordine
1429 433 1648 497 regulari,
1669 433 1744 482 vel
1772 433 1941 483 Eccle-

389 510 462 556 sia
481 524 793 571 quacumque,
816 510 1022 558 officium
1043 511 1239 573 aequalis
1259 510 1334 559 vel
1354 509 1533 560 altioris
1551 512 1686 571 ritus,
1721 513 1947 576 praedicta

386 586 646 636 Dominica
660 597 886 649 occurrat,
905 590 1086 647 statuit,
1099 599 1153 637 ut
1169 587 1391 636 Officium
1407 597 1454 637 et
1465 587 1616 637 Missa
1630 589 1688 641 de
1703 607 1783 653 pre
1793 593 1944 651 dosis,

382 666 505 714 simo
522 665 767 729 Sanguine
787 665 883 725 fiat,
908 677 1134 729 ‚tanquam
1148 668 1200 714 in.
1213 666 1322 715 sede
1338 667 1540 729 propria,
1560 683 1612 715 ιιι
1633 670 1852 730 proxima
1863 671 1941 720 die

384 761 415 793 a
457 735 577 794 {esto
597 746 763 807 primae
805 745 881 792 vel
903 744 1123 793 secundae
1144 745 1309 793 classis
1349 759 1446 793 non
1466 745 1708 808 impedita,
1744 748 1939 797 transfe-

382 823 529 872 rendo
545 826 688 885 Juxta
720 822 930 871 rubricas
953 821 1192 883 Officium,
1208 823 1336 886 quod
1371 824 1537 885 nequit
1550 825 1739 872 recitari
1758 825 1809 872 in
1829 842 1939 889 pro-

382 903 488 964 pria
508 900 597 948 die.

441 978 718 1026 Declaravit
730 979 926 1041 insuper
943 988 1000 1028 nt
1021 978 1243 1027 Officium
1279 979 1575 1028 recitandum
1592 980 1749 1043 [prima
1769 979 1941 1035 Domi·

378 1058 488 1105 nica
498 1057 609 1119 julii
624 1073 872 1119 nunquam
892 1059 1152 1116 omittatur,
1164 1059 1375 1120 itemque
1390 1066 1444 1105 ut
1458 1056 1591 1106 firma
1608 1066 1655 1106 et
1672 1074 1758 1107 suo
1773 1058 1942 1107 robore

377 1145 689 1198 permaneant
702 1135 958 1197 peculiaria
974 1135 1171 1184 Indulta
1189 1145 1237 1183 et
1252 1136 1505 1198 Privilegia
1514 1141 1616 1198 jam
1632 1151 1940 1196 concessa,re-

378 1213 560 1262 citandi
583 1230 754 1276 nempe
775 1213 1000 1262 Officium
1019 1215 1123 1273 hoc,
1156 1214 1228 1261 vel
1248 1215 1300 1261 in
1323 1212 1713 1276 Quadragesima,
1735 1215 1810 1262 vel
1840 1216 1940 1264 alio

378 1293 495 1340 anni
512 1302 732 1354 tempore,

441 1370 677 1419 Sanctitas
719 1369 816 1418 Sua
835 1387 891 1417 ea
918 1369 1127 1431 profecto
1165 1385 1249 1431 spe
1269 1369 1442 1417 nititur
1459 1369 1556 1418 fore
1571 1379 1627 1418 ut
1645 1385 1728 1431 per
1763 1371 1939 1419 merita

373 1449 520 1511 hujus
533 1449 859 1511 pretiosissimi
882 1448 1158 1512 Sanguinis,
1170 1447 1333 1497 fideles
1353 1450 1505 1510 magis
1520 1450 1572 1496 in
1586 1448 1687 1496 dies
1705 1448 1798 1497 fide
1816 1450 1936 1497 vivi·

373 1526 521 1585 ficati,
543 1543 624 1588 spe
646 1527 929 1576 corroborati
950 1540 998 1576 et
1016 1528 1245 1575 charitato
1284 1528 1481 1586 incensi,
1501 1528 1651 1576 vitam
1672 1527 1849 1577 ducant
1870 1528 1935 1577 ab

373 1606 503 1651 omni
538 1606 791 1668 iniquitate
831 1606 1053 1663 alienam,
1090 1615 1137 1653 et
1174 1607 1364 1668 praemia
1394 1616 1703 1668 assequantur
1730 1617 1934 1655 aeterna.

372 1682 553 1732 Datum
573 1683 752 1747 Cajetae
772 1685 862 1732 hac
893 1683 970 1731 die
994 1688 1051 1730 10
1074 1683 1287 1746 Augusti
1312 1688 1447 1730 1849.

423 1780 483 1828 L.
509 1781 557 1828 S.
621 1781 669 1829 A
691 1781 831 1829 Card.
864 1781 1251 1831 Lsunnuscmm
1284 1781 1372 1829 ΕΡ.
1403 1783 1686 1840 Portuemis,
1707 1788 1809 1841 etc„

1336 1860 1384 1906 S.
1416 1861 1473 1907 R.
1509 1862 1561 1907 0.
1594 1856 1867 1922 Proefhdus.

387 2004 639 2036 DECRBTUM
670 2005 875 2037 ELEVANS
906 2005 1086 2037 rusum
1117 2005 1419 2037 vxsl'ramoms
1448 2006 1487 2037 B.
1514 2007 1571 2037 M.
1599 2007 1645 2037 V·
1673 2007 1734 2038 AD
1765 2006 1910 2039 mrum

809 2080 1016 2112 nurucls
1058 2080 1275 2112 SECUNDA:
1308 2080 1504 2113 eminem-

956 2145 1094 2192 Urbis
1120 2151 1167 2191 et
1201 2146 1352 2192 Orbis.

430 2221 557 2269 Cum
593 2221 929 2271 Sanctissimus
970 2222 1206 2271 Dominus
1248 2222 1420 2271 Noster
1440 2222 1556 2271 Pius
1588 2221 1720 2285 Papa
1740 2220 1821 2269 IX
1865 2221 1935 2270 ab

368 2299 566 2348 exordio
587 2301 664 2348 sui
699 2299 1025 2360 Pontificatus‚
1059 2302 1477 2364 proesentissimum
1496 2318 1551 2349 ac
1573 2300 1934 2349 validissimum

363 2378 529 2426 Beatae
568 2379 737 2427 Mariae
757 2379 975 2444 Virginis
1010 2381 1323 2442 patrocinium
1343 2378 1486 2428 fuerit
1526 2391 1767 2441 expertus,
1810 2378 1933 2427 dum

364 2468 505 2506 aetate
520 2468 683 2507 nostra
697 2457 824 2508 Petri
844 2461 979 2507 navis
992 2459 1308 2522 undequaque
1340 2468 1389 2506 et
1413 2473 1516 2505 raro
1537 2457 1766 2519 exemplo
1784 2458 1923 2506 saevis

366 2547 703 2599 tempestatum
723 2536 949 2586 fluctibus
960 2541 1233 2600 jactaretur,
1265 2547 1314 2585 et
1335 2536 1447 2599 Ipse
1476 2535 1730 2584 acerbitate
1752 2545 1935 2598 tempo-

364 2631 470 2663 rum
493 2614 553 2662 ab
575 2614 710 2663 Urbe
726 2615 965 2665 discedere
981 2626 1174 2664 coactus
1190 2615 1251 2663 ad
1288 2615 1465 2662 multos
1484 2629 1673 2664 menses
1688 2616 1934 2678 ingemere

365 2692 545 2752 debuit,
576 2708 718 2755 super
732 2693 964 2742 immensa
977 2710 1183 2743 errorum
1211 2702 1344 2757 peste
1374 2692 1514 2754 longe
1528 2693 1719 2755 lateque
1738 2695 1939 2756 impune

364 2781 624 2835 grassante,
640 2781 688 2819 et
717 2772 1057 2821 insanientium
1075 2773 1324 2820 hominum
1340 2773 1558 2834 congerie
1594 2772 1645 2820 in
1664 2770 1930 2820 Ecclesias-

366 2851 450 2899 tici
468 2849 632 2900 Status
655 2849 787 2899 Loca
808 2848 1163 2911 confluentium,
1183 2860 1238 2899 ut
1252 2861 1302 2899 et
1320 2851 1532 2899 humana
1559 2860 1608 2899 et
1643 2850 1807 2898 divina
1816 2853 1928 2912 jura

361 2944 556 2992 pessum
588 2930 683 2992 ipsi
704 2928 895 2988 darent3
928 2946 983 2978 ac
1021 2930 1181 2978 animo
1200 2938 1426 2992 reputans
1456 2938 1591 2978 sexto
1611 2927 1659 2976 N
1660 2944 1776 2976 onas
1806 2925 1924 2991 J'ulii

362 3008 602 3070 superiore
618 3023 761 3067 anno,
780 3024 877 3070 quo
898 3007 976 3057 die
997 3007 1058 3056 ab
1080 3008 1300 3057 Ecclesia
1315 3006 1554 3071 peculiare
1572 3006 1794 3055 recolitur
1812 3006 1935 3056 Fes-
