<?xml version="1.0" encoding="UTF-8"?>
<!DOCTYPE html PUBLIC "-//W3C//DTD XHTML 1.0 Transitional//EN"
    "http://www.w3.org/TR/xhtml1/DTD/xhtml1-transitional.dtd">
<html xmlns="http://www.w3.org/1999/xhtml" xml:lang="en" lang="en">
 <head>
  <title>
</title>
<meta http-equiv="Content-Type" content="text/html;charset=utf-8" />
  <meta name='ocr-system' content='tesseract 3.04.00' />
  <meta name='ocr-capabilities' content='ocr_page ocr_carea ocr_par ocr_line ocrx_word'/>
</head>
<body>
  <div class='ocr_page' id='page_1' title='image "./cihm_22335_0040.png"; bbox 0 0 2600 3616; ppageno 0'>
   <div class='ocr_carea' id='block_1_1' title="bbox 1148 338 2126 394">
    <p class='ocr_par' dir='ltr' id='par_1_1' title="bbox 1148 338 2126 394">
     <span class='ocr_line' id='line_1_1' title="bbox 1148 338 2126 394; baseline 0.001 -8"><span class='ocrx_word' id='word_1_1' title='bbox 1148 347 1498 387; x_wconf 72' lang='lat' dir='ltr'><strong>rnovmoxm</strong></span> <span class='ocrx_word' id='word_1_2' title='bbox 1531 349 1568 388; x_wconf 89' lang='lat'><strong>1.</strong></span> <span class='ocrx_word' id='word_1_3' title='bbox 2056 338 2126 394; x_wconf 70' lang='grc'><strong>30</strong></span> 
     </span>
    </p>
   </div>
   <div class='ocr_carea' id='block_1_2' title="bbox 579 471 2123 619">
    <p class='ocr_par' dir='ltr' id='par_1_2' title="bbox 579 471 2123 619">
     <span class='ocr_line' id='line_1_2' title="bbox 579 471 2123 545; baseline 0.003 -16"><span class='ocrx_word' id='word_1_4' title='bbox 579 479 740 529; x_wconf 75' lang='lat' dir='ltr'><strong>cantu</strong></span> <span class='ocrx_word' id='word_1_5' title='bbox 781 478 835 526; x_wconf 87' lang='lat' dir='ltr'><strong>et</strong></span> <span class='ocrx_word' id='word_1_6' title='bbox 851 472 1048 527; x_wconf 66' lang='lat' dir='ltr'><strong>munies</strong></span> <span class='ocrx_word' id='word_1_7' title='bbox 1065 471 1122 526; x_wconf 87' lang='lat' dir='ltr'><strong>in</strong></span> <span class='ocrx_word' id='word_1_8' title='bbox 1145 471 1404 536; x_wconf 72' lang='lat' dir='ltr'><strong>Ecoleniiu,</strong></span> <span class='ocrx_word' id='word_1_9' title='bbox 1426 478 1481 528; x_wconf 87' lang='lat' dir='ltr'><strong>et</strong></span> <span class='ocrx_word' id='word_1_10' title='bbox 1497 473 1773 531; x_wconf 74' lang='lat' dir='ltr'><strong>inchoatur</strong></span> <span class='ocrx_word' id='word_1_11' title='bbox 1795 473 2024 545; x_wconf 76' lang='lat' dir='ltr'><strong>ejusdem</strong></span> <span class='ocrx_word' id='word_1_12' title='bbox 2044 494 2123 533; x_wconf 88' lang='lat' dir='ltr'><strong>re·</strong></span> 
     </span>
     <span class='ocr_line' id='line_1_3' title="bbox 584 560 1075 619; baseline 0 -4"><span class='ocrx_word' id='word_1_13' title='bbox 584 561 793 619; x_wconf 78' lang='lat' dir='ltr'><strong>lationis</strong></span> <span class='ocrx_word' id='word_1_14' title='bbox 815 560 1075 615; x_wconf 74' lang='lat' dir='ltr'><strong>discussio.</strong></span> 
     </span>
    </p>
   </div>
   <div class='ocr_carea' id='block_1_3' title="bbox 654 651 2125 880">
    <p class='ocr_par' dir='ltr' id='par_1_3' title="bbox 654 651 2125 880">
     <span class='ocr_line' id='line_1_4' title="bbox 654 651 2125 721; baseline 0.003 -15"><span class='ocrx_word' id='word_1_15' title='bbox 654 651 812 706; x_wconf 74' lang='lat' dir='ltr'><strong>Sexta</strong></span> <span class='ocrx_word' id='word_1_16' title='bbox 824 651 967 715; x_wconf 82' lang='lat' dir='ltr'><strong>hora,</strong></span> <span class='ocrx_word' id='word_1_17' title='bbox 992 651 1260 706; x_wconf 76' lang='lat' dir='ltr'><strong>discedunt</strong></span> <span class='ocrx_word' id='word_1_18' title='bbox 1275 668 1468 715; x_wconf 84' lang='lat' dir='ltr'><strong>omnes,</strong></span> <span class='ocrx_word' id='word_1_19' title='bbox 1483 656 1601 721; x_wconf 74' lang='lat' dir='ltr'><strong>post</strong></span> <span class='ocrx_word' id='word_1_20' title='bbox 1619 652 1902 709; x_wconf 79' lang='lat' dir='ltr'><strong>orationem</strong></span> <span class='ocrx_word' id='word_1_21' title='bbox 1917 652 2125 715; x_wconf 77' lang='lat' dir='ltr'><strong>factam.</strong></span> 
     </span>
     <span class='ocr_line' id='line_1_5' title="bbox 931 808 1780 880; baseline 0.002 -18"><span class='ocrx_word' id='word_1_22' title='bbox 931 808 1192 862; x_wconf 81' lang='lat' dir='ltr'><strong>Undecima</strong></span> <span class='ocrx_word' id='word_1_23' title='bbox 1224 808 1543 879; x_wconf 73' lang='lat' dir='ltr'><strong>Conyreyatio</strong></span> <span class='ocrx_word' id='word_1_24' title='bbox 1558 811 1780 880; x_wconf 78' lang='lat' dir='ltr'><strong>privata.</strong></span> 
     </span>
    </p>
   </div>
   <div class='ocr_carea' id='block_1_4' title="bbox 586 966 2136 1658">
    <p class='ocr_par' dir='ltr' id='par_1_4' title="bbox 588 966 2133 1127">
     <span class='ocr_line' id='line_1_6' title="bbox 656 966 2133 1038; baseline 0.002 -16"><span class='ocrx_word' id='word_1_25' title='bbox 656 968 896 1030; x_wconf 79' lang='lat' dir='ltr'><strong>SabbatO,</strong></span> <span class='ocrx_word' id='word_1_26' title='bbox 935 967 1018 1020; x_wconf 89' lang='lat' dir='ltr'><strong>die</strong></span> <span class='ocrx_word' id='word_1_27' title='bbox 1060 967 1308 1038; x_wconf 78' lang='lat' dir='ltr'><strong>vigesima</strong></span> <span class='ocrx_word' id='word_1_28' title='bbox 1352 966 1505 1020; x_wconf 83' lang='lat' dir='ltr'><strong>tertia</strong></span> <span class='ocrx_word' id='word_1_29' title='bbox 1542 967 1787 1037; x_wconf 84' lang='lat' dir='ltr'><strong>Augusti,</strong></span> <span class='ocrx_word' id='word_1_30' title='bbox 1829 969 1983 1024; x_wconf 86' lang='lat' dir='ltr'><strong>tertia</strong></span> <span class='ocrx_word' id='word_1_31' title='bbox 2005 970 2133 1025; x_wconf 81' lang='lat' dir='ltr'><strong>hora</strong></span> 
     </span>
     <span class='ocr_line' id='line_1_7' title="bbox 588 1056 2005 1127; baseline 0.003 -17"><span class='ocrx_word' id='word_1_32' title='bbox 588 1063 705 1127; x_wconf 83' lang='lat' dir='ltr'><strong>post</strong></span> <span class='ocrx_word' id='word_1_33' title='bbox 727 1056 1009 1119; x_wconf 82' lang='lat' dir='ltr'><strong>meridiem,</strong></span> <span class='ocrx_word' id='word_1_34' title='bbox 1035 1056 1346 1109; x_wconf 84' lang='lat' dir='ltr'><strong>conveniunt</strong></span> <span class='ocrx_word' id='word_1_35' title='bbox 1369 1072 1546 1109; x_wconf 85' lang='lat' dir='ltr'><strong>omnes</strong></span> <span class='ocrx_word' id='word_1_36' title='bbox 1570 1056 1753 1111; x_wconf 83' lang='lat' dir='ltr'><strong>Patres</strong></span> <span class='ocrx_word' id='word_1_37' title='bbox 1775 1056 2005 1114; x_wconf 86' lang='lat' dir='ltr'><strong>Concilii.</strong></span> 
     </span>
    </p>

    <p class='ocr_par' dir='ltr' id='par_1_5' title="bbox 586 1143 2133 1376">
     <span class='ocr_line' id='line_1_8' title="bbox 657 1143 2133 1220; baseline 0.003 -22"><span class='ocrx_word' id='word_1_38' title='bbox 657 1145 929 1215; x_wconf 82' lang='lat' dir='ltr'><strong>Leguntur</strong></span> <span class='ocrx_word' id='word_1_39' title='bbox 953 1151 1005 1198; x_wconf 89' lang='lat' dir='ltr'><strong>et</strong></span> <span class='ocrx_word' id='word_1_40' title='bbox 1029 1146 1310 1214; x_wconf 82' lang='lat' dir='ltr'>probantur</span> <span class='ocrx_word' id='word_1_41' title='bbox 1328 1143 1603 1198; x_wconf 80' lang='lat' dir='ltr'><strong>relationes</strong></span> <span class='ocrx_word' id='word_1_42' title='bbox 1626 1145 1837 1199; x_wconf 86' lang='lat' dir='ltr'><strong>decimae</strong></span> <span class='ocrx_word' id='word_1_43' title='bbox 1856 1164 2133 1220; x_wconf 80' lang='lat' dir='ltr'><strong>congrega-</strong></span> 
     </span>
     <span class='ocr_line' id='line_1_9' title="bbox 586 1232 2132 1306; baseline 0.002 -18"><span class='ocrx_word' id='word_1_44' title='bbox 586 1233 743 1288; x_wconf 83' lang='lat' dir='ltr'><strong>tionis</strong></span> <span class='ocrx_word' id='word_1_45' title='bbox 759 1234 972 1303; x_wconf 82' lang='lat' dir='ltr'><strong>privatae</strong></span> <span class='ocrx_word' id='word_1_46' title='bbox 988 1239 1041 1287; x_wconf 89' lang='lat' dir='ltr'><strong>et</strong></span> <span class='ocrx_word' id='word_1_47' title='bbox 1055 1232 1286 1303; x_wconf 74' lang='lat' dir='ltr'><strong>septimae</strong></span> <span class='ocrx_word' id='word_1_48' title='bbox 1303 1233 1716 1303; x_wconf 80' lang='lat' dir='ltr'><strong>congregationis</strong></span> <span class='ocrx_word' id='word_1_49' title='bbox 1735 1235 1990 1304; x_wconf 83' lang='lat' dir='ltr'><strong>generalis</strong></span> <span class='ocrx_word' id='word_1_50' title='bbox 2004 1253 2132 1306; x_wconf 82' lang='lat' dir='ltr'><strong>prae·</strong></span> 
     </span>
     <span class='ocr_line' id='line_1_10' title="bbox 592 1321 903 1376; baseline -0.003 0"><span class='ocrx_word' id='word_1_51' title='bbox 592 1321 903 1376; x_wconf 84' lang='lat' dir='ltr'><strong>cedentium.</strong></span> 
     </span>
    </p>

    <p class='ocr_par' dir='ltr' id='par_1_6' title="bbox 590 1408 2136 1658">
     <span class='ocr_line' id='line_1_11' title="bbox 662 1408 2135 1481; baseline 0.003 -18"><span class='ocrx_word' id='word_1_52' title='bbox 662 1411 744 1463; x_wconf 92' lang='lat' dir='ltr'><strong>De</strong></span> <span class='ocrx_word' id='word_1_53' title='bbox 766 1409 1096 1464; x_wconf 77' lang='lat' dir='ltr'><strong>facultatibus</strong></span> <span class='ocrx_word' id='word_1_54' title='bbox 1116 1427 1146 1463; x_wconf 84' lang='lat' dir='ltr'><strong>a</strong></span> <span class='ocrx_word' id='word_1_55' title='bbox 1166 1410 1215 1463; x_wconf 82' lang='lat' dir='ltr'><strong>S.</strong></span> <span class='ocrx_word' id='word_1_56' title='bbox 1242 1408 1373 1463; x_wconf 85' lang='lat' dir='ltr'><strong>Sede</strong></span> <span class='ocrx_word' id='word_1_57' title='bbox 1396 1410 1690 1465; x_wconf 81' lang='lat' dir='ltr'><strong>obtinendis</strong></span> <span class='ocrx_word' id='word_1_58' title='bbox 1713 1427 1808 1480; x_wconf 90' lang='lat' dir='ltr'><strong>pro</strong></span> <span class='ocrx_word' id='word_1_59' title='bbox 1829 1411 2135 1481; x_wconf 70' lang='lat' dir='ltr'><strong>praesulibus</strong></span> 
     </span>
     <span class='ocr_line' id='line_1_12' title="bbox 591 1498 2136 1570; baseline 0.003 -19"><span class='ocrx_word' id='word_1_60' title='bbox 591 1498 869 1568; x_wconf 85' lang='lat' dir='ltr'><strong>provinoiae</strong></span> <span class='ocrx_word' id='word_1_61' title='bbox 894 1498 1250 1553; x_wconf 65' lang='lat' dir='ltr'><strong>ecclesiasticae</strong></span> <span class='ocrx_word' id='word_1_62' title='bbox 1270 1499 1442 1570; x_wconf 87' lang='lat' dir='ltr'><strong>agitur</strong></span> <span class='ocrx_word' id='word_1_63' title='bbox 1464 1499 1604 1553; x_wconf 91' lang='lat' dir='ltr'><strong>inter</strong></span> <span class='ocrx_word' id='word_1_64' title='bbox 1627 1500 1829 1563; x_wconf 82' lang='lat' dir='ltr'><strong>Patres,</strong></span> <span class='ocrx_word' id='word_1_65' title='bbox 1850 1507 1902 1555; x_wconf 94' lang='lat' dir='ltr'><strong>et</strong></span> <span class='ocrx_word' id='word_1_66' title='bbox 1934 1517 2136 1556; x_wconf 81' lang='lat' dir='ltr'><strong>summa</strong></span> 
     </span>
     <span class='ocr_line' id='line_1_13' title="bbox 590 1586 1916 1658; baseline 0.001 -17"><span class='ocrx_word' id='word_1_67' title='bbox 590 1587 779 1642; x_wconf 83' lang='lat' dir='ltr'><strong>harum</strong></span> <span class='ocrx_word' id='word_1_68' title='bbox 798 1586 1105 1640; x_wconf 79' lang='lat' dir='ltr'><strong>facultatum</strong></span> <span class='ocrx_word' id='word_1_69' title='bbox 1125 1586 1414 1641; x_wconf 81' lang='lat' dir='ltr'><strong>admittitur</strong></span> <span class='ocrx_word' id='word_1_70' title='bbox 1434 1604 1529 1657; x_wconf 87' lang='lat' dir='ltr'><strong>pro</strong></span> <span class='ocrx_word' id='word_1_71' title='bbox 1552 1587 1738 1658; x_wconf 83' lang='lat' dir='ltr'><strong>majori</strong></span> <span class='ocrx_word' id='word_1_72' title='bbox 1760 1594 1916 1656; x_wconf 82' lang='lat' dir='ltr'><strong>parte.</strong></span> 
     </span>
    </p>
   </div>
   <div class='ocr_carea' id='block_1_5' title="bbox 965 1739 1779 1810">
    <p class='ocr_par' dir='ltr' id='par_1_7' title="bbox 965 1739 1779 1810">
     <span class='ocr_line' id='line_1_14' title="bbox 965 1739 1779 1810; baseline 0 -18"><span class='ocrx_word' id='word_1_73' title='bbox 965 1739 1151 1793; x_wconf 77' lang='lat' dir='ltr'><strong>Octava</strong></span> <span class='ocrx_word' id='word_1_74' title='bbox 1177 1740 1493 1809; x_wconf 43' lang='lat' dir='ltr'><strong>Gangre-quito</strong></span> <span class='ocrx_word' id='word_1_75' title='bbox 1508 1739 1779 1810; x_wconf 73' lang='lat' dir='ltr'><strong>yeneralis.</strong></span> 
     </span>
    </p>
   </div>
   <div class='ocr_carea' id='block_1_6' title="bbox 594 1867 2150 3099">
    <p class='ocr_par' dir='ltr' id='par_1_8' title="bbox 594 1867 2140 2306">
     <span class='ocr_line' id='line_1_15' title="bbox 665 1867 2139 1952; baseline 0.001 -19"><span class='ocrx_word' id='word_1_76' title='bbox 665 1867 822 1934; x_wconf 89' lang='lat' dir='ltr'><strong>Anno</strong></span> <span class='ocrx_word' id='word_1_77' title='bbox 842 1881 1055 1935; x_wconf 89' lang='lat' dir='ltr'><strong>Domini</strong></span> <span class='ocrx_word' id='word_1_78' title='bbox 1077 1880 1349 1935; x_wconf 80' lang='lat' dir='ltr'><strong>millesimo</strong></span> <span class='ocrx_word' id='word_1_79' title='bbox 1371 1880 1800 1952; x_wconf 80' lang='lat' dir='ltr'><strong>octingentesimo</strong></span> <span class='ocrx_word' id='word_1_80' title='bbox 1820 1881 2139 1952; x_wconf 82' lang='lat' dir='ltr'><strong>quinquage-</strong></span> 
     </span>
     <span class='ocr_line' id='line_1_16' title="bbox 594 1968 2140 2040; baseline 0.002 -19"><span class='ocrx_word' id='word_1_81' title='bbox 594 1968 727 2022; x_wconf 81' lang='lat' dir='ltr'><strong>simo</strong></span> <span class='ocrx_word' id='word_1_82' title='bbox 768 1969 951 2039; x_wconf 86' lang='lat' dir='ltr'><strong>primo,</strong></span> <span class='ocrx_word' id='word_1_83' title='bbox 994 1970 1222 2033; x_wconf 81' lang='lat' dir='ltr'><strong>sabbato,</strong></span> <span class='ocrx_word' id='word_1_84' title='bbox 1264 1970 1348 2023; x_wconf 88' lang='lat' dir='ltr'><strong>die</strong></span> <span class='ocrx_word' id='word_1_85' title='bbox 1393 1970 1642 2040; x_wconf 61' lang='lat' dir='ltr'><strong>vigesima</strong></span> <span class='ocrx_word' id='word_1_86' title='bbox 1683 1968 1838 2023; x_wconf 80' lang='lat' dir='ltr'><strong>tertia</strong></span> <span class='ocrx_word' id='word_1_87' title='bbox 1893 1969 2140 2040; x_wconf 75' lang='lat' dir='ltr'><strong>Augusti,</strong></span> 
     </span>
     <span class='ocr_line' id='line_1_17' title="bbox 597 2058 2140 2128; baseline 0.002 -19"><span class='ocrx_word' id='word_1_88' title='bbox 597 2063 783 2126; x_wconf 74' lang='lat' dir='ltr'><strong>quarta</strong></span> <span class='ocrx_word' id='word_1_89' title='bbox 799 2058 931 2111; x_wconf 82' lang='lat' dir='ltr'><strong>hora</strong></span> <span class='ocrx_word' id='word_1_90' title='bbox 948 2075 1068 2112; x_wconf 88' lang='lat' dir='ltr'><strong>cum</strong></span> <span class='ocrx_word' id='word_1_91' title='bbox 1086 2058 1297 2112; x_wconf 83' lang='lat' dir='ltr'><strong>dimidia</strong></span> <span class='ocrx_word' id='word_1_92' title='bbox 1315 2064 1432 2128; x_wconf 84' lang='lat' dir='ltr'><strong>post</strong></span> <span class='ocrx_word' id='word_1_93' title='bbox 1453 2058 1739 2122; x_wconf 86' lang='lat' dir='ltr'><strong>meridiem,</strong></span> <span class='ocrx_word' id='word_1_94' title='bbox 1758 2058 1936 2113; x_wconf 85' lang='lat' dir='ltr'><strong>habita</strong></span> <span class='ocrx_word' id='word_1_95' title='bbox 1958 2063 2037 2111; x_wconf 75' lang='lat' dir='ltr'><strong>est</strong></span> <span class='ocrx_word' id='word_1_96' title='bbox 2057 2072 2140 2112; x_wconf 81' lang='lat' dir='ltr'><strong>oc-</strong></span> 
     </span>
     <span class='ocr_line' id='line_1_18' title="bbox 598 2146 2140 2217; baseline 0.001 -16"><span class='ocrx_word' id='word_1_97' title='bbox 598 2151 723 2201; x_wconf 82' lang='lat' dir='ltr'><strong>tava</strong></span> <span class='ocrx_word' id='word_1_98' title='bbox 744 2147 1074 2216; x_wconf 85' lang='lat' dir='ltr'><strong>congregatio</strong></span> <span class='ocrx_word' id='word_1_99' title='bbox 1091 2147 1360 2217; x_wconf 67' lang='lat' dir='ltr'><strong>generaliS,</strong></span> <span class='ocrx_word' id='word_1_100' title='bbox 1384 2148 1469 2201; x_wconf 87' lang='lat' dir='ltr'><strong>oui</strong></span> <span class='ocrx_word' id='word_1_101' title='bbox 1487 2146 1835 2202; x_wconf 87' lang='lat' dir='ltr'><strong>interfuerunt</strong></span> <span class='ocrx_word' id='word_1_102' title='bbox 1867 2147 2049 2200; x_wconf 80' lang='lat' dir='ltr'><strong>Patres</strong></span> <span class='ocrx_word' id='word_1_103' title='bbox 2084 2150 2140 2202; x_wconf 79' lang='lat' dir='ltr'><strong>et</strong></span> 
     </span>
     <span class='ocr_line' id='line_1_19' title="bbox 597 2235 1616 2306; baseline 0.001 -19"><span class='ocrx_word' id='word_1_104' title='bbox 597 2251 778 2288; x_wconf 81' lang='lat' dir='ltr'><strong>omnes</strong></span> <span class='ocrx_word' id='word_1_105' title='bbox 800 2235 1032 2306; x_wconf 87' lang='lat' dir='ltr'><strong>theologi</strong></span> <span class='ocrx_word' id='word_1_106' title='bbox 1054 2242 1106 2289; x_wconf 88' lang='lat' dir='ltr'><strong>et</strong></span> <span class='ocrx_word' id='word_1_107' title='bbox 1128 2235 1359 2289; x_wconf 85' lang='lat' dir='ltr'><strong>officiarii</strong></span> <span class='ocrx_word' id='word_1_108' title='bbox 1381 2235 1616 2289; x_wconf 78' lang='lat' dir='ltr'><strong>concilii.</strong></span> 
     </span>
    </p>

    <p class='ocr_par' dir='ltr' id='par_1_9' title="bbox 600 2321 2141 2466">
     <span class='ocr_line' id='line_1_20' title="bbox 670 2321 2141 2394; baseline -0.001 -18"><span class='ocrx_word' id='word_1_109' title='bbox 670 2323 888 2394; x_wconf 86' lang='lat' dir='ltr'><strong>Legitur</strong></span> <span class='ocrx_word' id='word_1_110' title='bbox 930 2324 1112 2378; x_wconf 87' lang='lat' dir='ltr'><strong>relatio</strong></span> <span class='ocrx_word' id='word_1_111' title='bbox 1151 2324 1487 2393; x_wconf 82' lang='lat' dir='ltr'><strong>praeoedentis</strong></span> <span class='ocrx_word' id='word_1_112' title='bbox 1534 2321 1946 2394; x_wconf 81' lang='lat' dir='ltr'><strong>congregationis</strong></span> <span class='ocrx_word' id='word_1_113' title='bbox 1987 2336 2141 2391; x_wconf 86' lang='lat' dir='ltr'><strong>gene-</strong></span> 
     </span>
     <span class='ocr_line' id='line_1_21' title="bbox 600 2411 739 2466; baseline 0 0"><span class='ocrx_word' id='word_1_114' title='bbox 600 2411 739 2466; x_wconf 85' lang='lat' dir='ltr'><strong>ralis.</strong></span> 
     </span>
    </p>

    <p class='ocr_par' dir='ltr' id='par_1_10' title="bbox 599 2495 2148 2732">
     <span class='ocr_line' id='line_1_22' title="bbox 676 2495 2146 2555; baseline -0.002 -1"><span class='ocrx_word' id='word_1_115' title='bbox 676 2501 1021 2555; x_wconf 84' lang='lat' dir='ltr'><strong>Continuatur</strong></span> <span class='ocrx_word' id='word_1_116' title='bbox 1063 2508 1115 2555; x_wconf 90' lang='lat' dir='ltr'><strong>et</strong></span> <span class='ocrx_word' id='word_1_117' title='bbox 1153 2501 1333 2555; x_wconf 91' lang='lat' dir='ltr'><strong>finitur</strong></span> <span class='ocrx_word' id='word_1_118' title='bbox 1373 2500 1620 2554; x_wconf 81' lang='lat' dir='ltr'><strong>discussio</strong></span> <span class='ocrx_word' id='word_1_119' title='bbox 1662 2498 1832 2553; x_wconf 84' lang='lat' dir='ltr'><strong>tertiae</strong></span> <span class='ocrx_word' id='word_1_120' title='bbox 1883 2495 2146 2552; x_wconf 73' lang='lat' dir='ltr'><strong>relationis</strong></span> 
     </span>
     <span class='ocr_line' id='line_1_23' title="bbox 599 2585 2148 2661; baseline -0.003 -17"><span class='ocrx_word' id='word_1_121' title='bbox 599 2590 1016 2661; x_wconf 82' lang='lat' dir='ltr'><strong>congregationis</strong></span> <span class='ocrx_word' id='word_1_122' title='bbox 1029 2590 1089 2643; x_wconf 83' lang='lat' dir='ltr'><strong>de</strong></span> <span class='ocrx_word' id='word_1_123' title='bbox 1104 2591 1321 2660; x_wconf 73' lang='lat' dir='ltr'><strong>litaryia,</strong></span> <span class='ocrx_word' id='word_1_124' title='bbox 1340 2591 1406 2643; x_wconf 91' lang='lat' dir='ltr'><strong>de</strong></span> <span class='ocrx_word' id='word_1_125' title='bbox 1429 2595 1587 2643; x_wconf 87' lang='lat' dir='ltr'><strong>cantu</strong></span> <span class='ocrx_word' id='word_1_126' title='bbox 1606 2595 1660 2644; x_wconf 92' lang='lat' dir='ltr'><strong>et</strong></span> <span class='ocrx_word' id='word_1_127' title='bbox 1678 2588 1871 2642; x_wconf 64' lang='lat' dir='ltr'><strong>music-a</strong></span> <span class='ocrx_word' id='word_1_128' title='bbox 1892 2587 1951 2640; x_wconf 92' lang='lat' dir='ltr'><strong>in</strong></span> <span class='ocrx_word' id='word_1_129' title='bbox 1972 2585 2148 2639; x_wconf 85' lang='lat' dir='ltr'><strong>Eccle-</strong></span> 
     </span>
     <span class='ocr_line' id='line_1_24' title="bbox 607 2696 710 2732; baseline -0.01 0"><span class='ocrx_word' id='word_1_130' title='bbox 607 2696 710 2732; x_wconf 84' lang='lat' dir='ltr'><strong>sus.</strong></span> 
     </span>
    </p>

    <p class='ocr_par' dir='ltr' id='par_1_11' title="bbox 600 2760 2150 3000">
     <span class='ocr_line' id='line_1_25' title="bbox 676 2760 2148 2835; baseline -0.005 -15"><span class='ocrx_word' id='word_1_131' title='bbox 676 2767 966 2821; x_wconf 83' lang='lat' dir='ltr'><strong>Discutitur</strong></span> <span class='ocrx_word' id='word_1_132' title='bbox 1003 2767 1160 2821; x_wconf 84' lang='lat' dir='ltr'><strong>etiam</strong></span> <span class='ocrx_word' id='word_1_133' title='bbox 1198 2774 1382 2835; x_wconf 85' lang='lat' dir='ltr'><strong>quarta</strong></span> <span class='ocrx_word' id='word_1_134' title='bbox 1423 2767 1606 2821; x_wconf 83' lang='lat' dir='ltr'><strong>relatio</strong></span> <span class='ocrx_word' id='word_1_135' title='bbox 1641 2760 2054 2834; x_wconf 83' lang='lat' dir='ltr'><strong>congregationis</strong></span> <span class='ocrx_word' id='word_1_136' title='bbox 2085 2760 2148 2814; x_wconf 80' lang='lat' dir='ltr'><strong>de</strong></span> 
     </span>
     <span class='ocr_line' id='line_1_26' title="bbox 600 2850 2150 2927; baseline -0.004 -17"><span class='ocrx_word' id='word_1_137' title='bbox 600 2856 869 2927; x_wconf 78' lang='lat' dir='ltr'><strong>disciplina</strong></span> <span class='ocrx_word' id='word_1_138' title='bbox 892 2857 1064 2924; x_wconf 84' lang='lat' dir='ltr'><strong>quoad</strong></span> <span class='ocrx_word' id='word_1_139' title='bbox 1084 2856 1302 2911; x_wconf 84' lang='lat' dir='ltr'><strong>famulas</strong></span> <span class='ocrx_word' id='word_1_140' title='bbox 1325 2875 1357 2910; x_wconf 77' lang='lat' dir='ltr'><strong>a</strong></span> <span class='ocrx_word' id='word_1_141' title='bbox 1378 2856 1615 2926; x_wconf 79' lang='lat' dir='ltr'><strong>parochis</strong></span> <span class='ocrx_word' id='word_1_142' title='bbox 1655 2856 1714 2907; x_wconf 92' lang='lat' dir='ltr'><strong>in</strong></span> <span class='ocrx_word' id='word_1_143' title='bbox 1738 2869 1913 2906; x_wconf 89' lang='lat' dir='ltr'><strong>eorum</strong></span> <span class='ocrx_word' id='word_1_144' title='bbox 1965 2850 2150 2906; x_wconf 83' lang='lat' dir='ltr'><strong>domus</strong></span> 
     </span>
     <span class='ocr_line' id='line_1_27' title="bbox 600 2945 963 3000; baseline -0.006 0"><span class='ocrx_word' id='word_1_145' title='bbox 600 2945 963 3000; x_wconf 81' lang='lat' dir='ltr'><strong>admittendas.</strong></span> 
     </span>
    </p>

    <p class='ocr_par' dir='ltr' id='par_1_12' title="bbox 678 3033 1504 3099">
     <span class='ocr_line' id='line_1_28' title="bbox 678 3033 1504 3099; baseline -0.002 -11"><span class='ocrx_word' id='word_1_146' title='bbox 678 3033 836 3089; x_wconf 84' lang='lat' dir='ltr'><strong>Sexta</strong></span> <span class='ocrx_word' id='word_1_147' title='bbox 856 3035 999 3099; x_wconf 83' lang='lat' dir='ltr'><strong>hora,</strong></span> <span class='ocrx_word' id='word_1_148' title='bbox 1018 3033 1289 3089; x_wconf 81' lang='lat' dir='ltr'><strong>discedunt</strong></span> <span class='ocrx_word' id='word_1_149' title='bbox 1310 3049 1504 3087; x_wconf 81' lang='lat' dir='ltr'><strong>omnes.</strong></span> 
     </span>
    </p>
   </div>
   <div class='ocr_carea' id='block_1_7' title="bbox 2463 0 2600 3616">
    <p class='ocr_par' dir='ltr' id='par_1_13' title="bbox 2463 0 2600 3616">
     <span class='ocr_line' id='line_1_29' title="bbox 2463 0 2600 3616; baseline 0 0"><span class='ocrx_word' id='word_1_150' title='bbox 2463 0 2600 3616; x_wconf 95' lang='lat' dir='ltr'><strong> </strong></span> 
     </span>
    </p>
   </div>
  </div>
 </body>
</html>
