2576 3536
457 323 527 377 68
969 339 1258 377 cononum
1295 338 1628 380 Qunnncnnsn

810 465 924 535 Ego
943 465 979 518 J
980 483 1048 519 os.
1070 466 1336 535 Eugenius
1358 465 1453 534 Ep.
1480 464 1891 533 Bypolitanensis
1913 463 2004 515 de·

879 554 1065 607 finiens
1088 553 1378 621 subscripsi.

807 644 922 712 Ego
949 644 1097 695 Arm.
1125 643 1182 694 F.
1208 643 1284 694 M.
1326 643 1495 711 Episc.
1540 643 1855 695 Torontinus
1879 643 2003 696 defi-

873 731 1021 783 niens
1046 731 1338 799 subscripsi.

804 821 918 890 Ego
954 820 1205 873 Patritius
1252 820 1347 888 Ep.
1396 820 1712 883 Carrhensis,
1747 820 2001 890 Kingsto-

875 910 1068 962 niensis
1112 910 1528 972 Administrator,
1571 909 1822 961 definiens
1857 911 2001 962 subs-

878 998 1046 1066 cripsi.

802 1086 916 1156 Ego
951 1087 986 1138 J
988 1104 1179 1139 oannes
1215 1086 1429 1139 Carolus
1465 1087 1652 1138 Prince
1671 1087 1766 1154 Ep.
1804 1086 2004 1155 Marty-

875 1176 1210 1244 ropolitanus,
1227 1175 2000 1243 Coadj.MarianopolitanensiS,

875 1264 1125 1315 definiens
1148 1264 1437 1330 subscripsi.

804 1351 917 1420 Ego
957 1352 1014 1404 O.
1041 1351 1098 1403 F.
1125 1351 1452 1420 Baillargeon
1476 1352 1570 1418 Ep.
1598 1351 1798 1413 Tloan„
1820 1352 1997 1421 Coadj.

875 1440 1269 1508 Archiepiscopi
1329 1440 1696 1503 Quebecensis,
1749 1440 2001 1492 definiens

876 1529 1170 1597 subscripsi.

535 1717 761 1751 EPISToLA
781 1719 980 1753 PATRUM
998 1720 1215 1753 CONCILII
1238 1720 1413 1753 ROMAM
1437 1720 1533 1752 UNA
1556 1719 1659 1752 CUM
1682 1718 1916 1752 DECRETIs

607 1797 823 1830 EJUsDEM
847 1797 1064 1832 coNCILu
1087 1799 1198 1832 POST
1221 1800 1331 1832 Esus
1354 1798 1764 1831 CELEBRATIONEM
1784 1798 1847 1829 AD

874 1877 1091 1910 SUMMUM
1112 1877 1408 1910 PONTIFICEM
1432 1876 1584 1909 MISSA.

599 1958 918 2010 Sanctissimo
944 1960 1161 2012 Domino
1181 1960 1364 2013 Nostro
1384 1960 1485 2011 Pio
1509 1958 1674 2027 Papae
1695 1958 1855 2011 Nono.

454 2061 774 2114 anssmn
810 2064 1010 2127 PATER,

524 2148 794 2204 Sanctitati
818 2152 1021 2205 Vestrae
1059 2159 1203 2206 tanta
1228 2152 1572 2206 sollicitudine
1596 2153 1749 2205 saluti
1769 2152 2000 2204 omnium

456 2238 785 2291 ecclesiarum
822 2242 1133 2311 invigilanti,
1156 2248 1361 2311 gratum
1388 2259 1509 2294 sane
1546 2241 1646 2294 erit
1668 2241 1846 2294 audire
1870 2241 2001 2309 epis-

454 2343 607 2395 copos
630 2329 908 2395 provinciae
932 2332 1289 2385 ecclesiasticae
1325 2331 1675 2390 Quebecensis
1702 2330 1999 2398 nuperrime

452 2414 703 2492 formatae,
722 2418 886 2471 Sacrae
901 2419 1219 2474 Tridentinae
1243 2420 1433 2488 Synodi
1452 2419 1668 2471 decretis
1686 2419 1999 2479 obediente-S,

451 2504 510 2556 in
533 2507 662 2557 urbe
684 2509 1094 2576 metropolitana,
1138 2511 1201 2561 ad
1239 2509 1602 2562 celebrandum
1626 2508 1849 2576 primum
1886 2524 2001 2575 pro-

452 2593 672 2647 vinciale
696 2595 984 2649 Concilium
1004 2599 1316 2659 convenisse,
1340 2599 1423 2650 die
1452 2599 1545 2651 l5a
1563 2598 1752 2649 mensis
1778 2596 1996 2666 augusti.

522 2682 633 2735 Illis
673 2692 846 2737 autem
868 2687 1118 2755 episcopis
1155 2687 1476 2756 congregatis
1508 2686 1649 2739 haud
1671 2686 1747 2738 fas
1784 2692 1891 2738 erat
1933 2702 2000 2736 ex

452 2770 684 2824 Concilio
732 2774 992 2828 discedere
1030 2775 1157 2843 quin
1192 2776 1335 2844 prius
1372 2792 1643 2827 commune
1683 2781 1735 2827 et
1772 2774 2000 2826 solemne

451 2861 801 2915 testimonium
828 2864 939 2932 ejus
964 2883 1070 2932 qua
1094 2882 1215 2934 erga
1235 2865 1584 2933 Apostolicam
1605 2864 1786 2916 Sedem
1805 2862 2000 2915 Sancti-

451 2953 716 3017 tatemque
753 2952 996 3006 Vestram
1032 2954 1394 3013 venerationis,
1417 2953 1725 3007 obedientiae
1752 2958 1804 3004 et
1846 2953 1998 3006 devo-

448 3036 607 3090 tionis
651 3041 957 3106 afficiuntur,
1003 3041 1326 3097 exhiberent.
1398 3043 1577 3114 Hujus
1618 3042 1799 3105 debiti,
1843 3040 1996 3093 nobis
