2584 3536
1242 341 1592 379 Pnovrucunz
1628 343 1665 381 1.
2151 333 2217 387 75

686 464 756 519 tis
808 465 1024 533 probare
1060 465 1263 534 poterit.
1334 466 1665 536 Paragrapho
1720 467 1903 521 ultimo
1957 473 2224 528 memorati

690 552 916 616 Decreti,
937 558 1056 607 ante
1078 555 1234 607 verba
1248 571 1344 623 per
1367 571 1565 618 annum,
1591 555 1807 609 addatur
1829 556 2014 613 saltem.

758 642 911 700 Quod
934 644 1158 710 pertinet
1199 644 1263 696 ad
1288 645 1566 698 Decretum
1602 647 1678 708 15,
1704 652 1780 699 est
1819 646 1918 700 rite
1938 664 2224 715 praecaven-

686 729 812 783 dum
836 747 899 784 ne
921 748 1107 786 annuae
1129 732 1401 785 relationes
1423 734 1829 789 transmittendae
1853 752 1884 788 a
1907 735 2151 790 Parochis
2173 742 2226 792 et

688 819 1026 872 Missionariis
1063 821 1129 872 ad
1163 837 1278 872 suos
1313 822 1464 888 Epos.
1492 822 1778 876 habeantur
1810 823 1923 875 loco
1957 824 2227 891 pastoralis

683 906 1004 971 visitationis,
1027 926 1144 975 quae
1165 908 1376 977 proinde
1399 911 1462 962 ad
1485 910 1742 963 tramitem
1782 911 1831 964 S.
1860 912 2145 977 Canonum,
2168 913 2225 965 in

682 995 896 1065 singulis
925 996 1163 1064 paroeciis
1202 1013 1293 1048 seu
1327 996 1670 1060 missionibus,
1686 1000 1749 1051 ab
1781 999 2046 1068 Epi-copis
2083 1018 2224 1069 pera-

685 1084 867 1151 genda.

753 1173 818 1224 In
861 1175 1085 1226 Decreto
1125 1172 1227 1230 N0.
1265 1174 1350 1234 20,
1391 1172 1481 1224 ubi
1523 1173 1712 1225 dicitur
1746 1173 1967 1228 Decreta
2006 1174 2224 1228 Concilii

682 1260 824 1312 haud
847 1278 956 1313 esse
978 1261 1264 1329 evulganda
1283 1266 1559 1327 antequam
1583 1279 1613 1313 a
1636 1260 1685 1313 S.
1704 1261 1833 1314 Sede
1857 1262 2056 1331 Aplica.
2069 1264 2225 1329 juxta

683 1348 896 1402 Constit.
937 1349 1071 1401 Sixti
1095 1348 1163 1410 V,
1191 1366 1303 1415 quae
1327 1349 1509 1416 incipit
1534 1349 1790 1411 Immensa,
1815 1351 2096 1418 approbata
2117 1350 2224 1404 fue-

681 1436 817 1498 rint;
849 1438 1005 1507 juxta
1045 1443 1276 1489 tenorem
1315 1437 1473 1504 ipsius
1510 1437 1904 1490 constitutionis
1950 1439 2223 1492 dicendum

681 1524 781 1578 erit
799 1528 957 1577 revisa
968 1532 1015 1576 et
1026 1526 1269 1593 recoquita
1284 1543 1306 1581 ,·
1323 1541 1491 1592 neque
1513 1525 1651 1577 enim
1667 1525 1868 1594 Aplica,
1891 1525 2048 1578 Sedes
2065 1528 2223 1580 omni-

679 1615 779 1666 bus
803 1613 1037 1667 Decretis
1062 1612 1403 1665 Conciliorum
1429 1612 1825 1666 Provincialium
1845 1614 2114 1682 positivam
2137 1633 2222 1685 ap-

679 1703 1034 1772 probationem
1049 1718 1248 1770 semper
1266 1701 1491 1753 tribuere
1509 1700 1744 1754 intendit.

752 1791 979 1843 Demum
998 1790 1167 1857 quoad
1188 1790 1464 1842 Decretum
1489 1792 1575 1842 21.
1608 1789 1715 1841 ΕΕ.
1738 1789 1843 1842 ΡΡ.
1871 1789 2221 1843 transmitten-

679 1880 800 1940 dam
813 1879 1077 1949 jusserunt
1092 1877 1416 1947 Encyclicam
1436 1877 1465 1930 ὁ,
1478 1876 1613 1930 Sm0.
1636 1878 1769 1930 Dno.
1792 1877 2078 1932 Nro.latam
2093 1878 2225 1932 circa

678 1967 1052 2022 invocationem
1066 1966 1418 2020 Immaculatae
1433 1965 1808 2034 conceptionis,
1827 1983 2043 2034 eamque
2063 1967 2225 2037 adjec.

682 2061 791 2109 tam
814 2056 1055 2124 reperies,

751 2145 995 2214 Superest
1016 2142 1539 2205 animadvertendum,
1559 2141 1616 2194 in
1633 2140 1848 2210 Synodis
1867 2141 1997 2194 illud
2015 2158 2222 2210 quoque

686 2233 973 2303 generatim
993 2231 1198 2293 servari,
1221 2236 1281 2283 ut
1304 2230 1440 2283 circa
1458 2236 1891 2283 sacramentorum
1910 2229 2226 2283 administra-

682 2321 875 2375 tionem
921 2320 1134 2390 regulae,
1176 2337 1242 2371 ex
1284 2318 1565 2371 Catholicae
1601 2318 1843 2371 Ecclesiae
1878 2316 2125 2380 doctrina,
2160 2334 2225 2370 ex

679 2410 1032 2463 Romanorum
1055 2408 1366 2461 Pontificum
1382 2405 1862 2469 Constitutionibus,
1901 2405 2115 2473 aliisque
2131 2405 2225 2458 Ec-

684 2499 980 2554 clesiasticis
1014 2497 1310 2550 Canonibus
1330 2501 1603 2564 excerptae,
1636 2495 1859 2548 breviter
1891 2495 2225 2561 accurateque

679 2589 973 2643 tradantur:
989 2586 1112 2640 licet
1134 2602 1253 2640 vero
1266 2585 1320 2638 id
1334 2585 1391 2637 in
1404 2584 1568 2653 prima
1585 2584 1684 2636 hac
1707 2583 1908 2653 Synodo
1927 2582 2225 2651 provinciali

684 2677 818 2731 effici
853 2677 1066 2730 forsitan
1097 2676 1173 2728 'ob
1198 2673 1443 2743 temporis
1467 2672 1729 2742 angustias
1748 2689 1851 2724 non
1872 2669 2115 2739 potuerit3
2139 2687 2225 2739 op-

682 2773 963 2835 portunum
1001 2764 1098 2816 erit
1117 2769 1178 2816 ut
1199 2764 1255 2815 in
1277 2761 1510 2830 proxime
1530 2761 1767 2813 habenda
1800 2764 2088 2828 praestetur,
2123 2759 2226 2811 De-

682 2855 838 2908 cretis
855 2860 1008 2908 antea
1029 2853 1126 2905 rite
1146 2850 1420 2920 dispositis,
1466 2850 1758 2916 habitisque
1783 2865 1890 2917 prae
1914 2847 2078 2901 oculis
2113 2847 2227 2901 aliis

682 2944 910 3012 probatis
946 2941 1205 3004 Conciliis,
1232 2957 1350 3008 quae
1375 2956 1437 2992 eo
1459 2938 1609 2992 titulo
1629 2935 1954 3006 peculiariter
1973 2952 2227 2989 commen·

681 3033 883 3085 dentur.
