2576 3568
903 380 1203 418 conmmun
1223 380 1558 422 onumen-usn

666 502 909 575 Episcopi
928 506 1429 575 extraprovinciales,
1488 506 1725 576 Quisque
1758 507 2003 563 incedens

666 587 912 658 Episcopi
931 590 1269 661 coadjutores,
1436 515 1621 743 }inter
1643 591 1772 646 duos
1801 591 2006 662 cappel-

665 670 910 741 Episcopi
932 672 1181 735 titularem
1484 671 1662 736 lanos;

525 766 757 830 Clericus
792 777 969 831 tunica
1002 778 1230 842 indutus,
1267 794 1473 832 crucem
1515 779 2001 851 archiepiscopalem

451 864 651 927 ferens3

595 954 857 1009 Diaconus
880 960 935 1008 et
954 953 1329 1008 Sub-diaconus
1348 970 1414 1008 ex
1434 955 1602 1009 officio
1621 975 1637 1019 ;

519 1043 955 1114 Archiepiscopus
972 1043 1185 1097 indutus
1202 1050 1263 1097 ut
1284 1060 1440 1113 supra
1460 1050 1514 1098 et
1525 1043 1772 1099 baculum
1793 1061 2000 1115 gerens,

450 1138 505 1187 et
525 1132 663 1186 inter
684 1133 815 1186 duos
831 1132 1074 1186 diaconos
1092 1132 1383 1187 assistentes
1400 1134 1712 1203 procedens;

660 1222 941 1291 Presbyter
960 1222 1201 1275 assistens
1224 1234 1344 1275 cum
1367 1239 1544 1292 cappa.

521 1309 709 1364 Clerici
734 1309 826 1379 qui
843 1310 1072 1379 insignia
1090 1310 1482 1379 Archiepiscopi
1501 1317 1692 1380 gerunt
1712 1330 1727 1372 ;

519 1398 863 1453 Matricularii
878 1398 1281 1470 (Marguilliers)
1301 1397 1545 1453 Ecclesiae
1558 1397 1995 1467 Metropolitanae.

519 1487 662 1540 Dum
694 1487 763 1540 ad
796 1486 989 1541 dictam
1024 1487 1308 1541 Ecclesiam
1341 1487 1653 1556 proceditur,
1690 1487 1996 1541 Sanctorum

444 1575 640 1630 litaniae
662 1581 951 1629 cantantur.

516 1663 800 1718 Ecclesiam
819 1664 1056 1735 ingressi,
1078 1663 1281 1735 legatus
1303 1663 1533 1733 Capituli
1556 1663 1784 1719 ecclesiae
1827 1664 1998 1718 cathe-

445 1752 606 1806 dralis
636 1753 1231 1823 Marianopolitanensis‚
1286 1771 1346 1807 ac
1368 1752 1601 1823 theologi
1623 1758 1675 1807 et
1714 1753 1995 1808 canonistae

443 1842 640 1895 adeunt
667 1841 860 1897 stallos,

513 1929 696 1984 Patres
717 1946 842 1985 vero
864 1930 1086 1984 Concilii
1107 1937 1331 2001 pergunt
1353 1931 1420 1984 ad
1441 1929 1742 1992 faldistoria,
1767 1947 1834 1983 ex
1856 1936 1994 1984 utra-

439 2034 547 2087 que
569 2024 716 2087 parte
740 2019 883 2075 chori
905 2019 1153 2089 disposita
1173 2025 1226 2073 et
1249 2036 1383 2089 pone
1407 2036 1668 2087 quemque
1687 2018 1823 2073 sistit
1857 2036 1994 2073 unus

439 2123 509 2160 ex
533 2106 824 2176 capellanis·

510 2194 660 2249 Stant
698 2213 730 2249 a
767 2202 914 2264 parte
955 2190 1229 2266 Evan'gelii
1266 2194 1703 2249 Reverendissimi
1747 2195 1991 2266 Episcopi

437 2282 878 2354 Kingstoniensis,
903 2284 1262 2356 Bypolitanus,
1300 2283 1798 2354 Martyropolitanus
1821 2290 1873 2338 et
1895 2284 1992 2339 Ca·

433 2371 864 2442 rolinopolitanus
886 2393 901 2436 ;
942 2391 974 2426 a
991 2379 1136 2442 parte
1149 2391 1272 2427 vero
1286 2372 1536 2442 Epistolae
1554 2372 1991 2427 Reverendissimi

432 2459 680 2531 Episcopi
704 2460 1298 2531 Marianopolitanensis,
1312 2460 1645 2523 Torontinus,
1670 2459 1988 2525 Carrhensis,

431 2548 739 2603 Tloanensis
763 2556 815 2604 et
834 2549 1212 2605 Terrae-Novae.

503 2638 982 2694 Reverendissimus
1004 2638 1452 2708 Archiepiscopus.
1475 2637 1739 2706 praemissa
1757 2639 1989 2693 oratione

428 2727 497 2780 ud
532 2729 689 2797 pedes
714 2715 907 2793 altaris,
949 2728 1119 2799 pergit
1161 2729 1228 2781 ad
1262 2727 1525 2789 thronum,
1567 2725 1746 2794 ibique
1770 2744 1987 2797 cappa-m

427 2831 641 2880 exuenS,
665 2816 984 2886 pontificalia
1008 2822 1310 2870 ornamenta
1332 2814 1564 2878 assumit,
1586 2831 1704 2867 cum
1722 2815 1898 2884 pallio,
1919 2816 1987 2870 ad

426 2904 794 2959 celebrandam
814 2906 1034 2960 Missam
1058 2906 1123 2959 de
1138 2905 1510 2974 Assumptione
1526 2903 1849 2959 Beatissimae
1871 2905 1986 2959 Ma-

423 2992 522 3048 riae
560 2993 810 3065 Virginis,
853 3012 977 3049 cum
1019 2994 1251 3049 oratione
1296 2995 1361 3048 de
1405 2992 1603 3062 Spiritu
1650 2992 1839 3047 Sancto
1884 2996 1983 3049 sub

422 3083 606 3138 eadem
629 3084 972 3140 conclusione.
