2584 3536
1202 320 1553 357 Pnovmcums
1588 321 1622 357 1.
2106 307 2176 360 83

710 449 863 503 Nova
915 445 1166 500 Dioecesis
1219 445 1637 498 Trifluvianensis
1684 445 1964 498 continebit
2010 453 2177 500 totum

642 538 932 592 districtum
973 536 1446 597 Trifluvianensem,
1499 534 1769 587 comitatus
1808 535 1963 603 vulgo
2017 536 2182 588 dictos

651 626 959 695 ΟΙιαηιΡῖαἱη,
999 627 1071 678 st.
1098 625 1343 687 Maurice,
1398 624 1667 687 Vama-ska,
1705 624 1899 676 Nicolet
1920 631 1966 674 et
1998 626 2177 677 Drum-

642 715 789 768 mond
812 714 1343 783 comprehendentem,
1391 721 1443 766 et
1476 721 1676 782 partem
1719 714 1987 766 comitatus
2024 715 2181 783 vulgo

644 804 769 857 dicti
807 803 1123 865 Sherbrooke,
1160 803 1216 853 in
1237 802 1487 854 Districtu
1508 802 1555 854 S.
1597 802 1869 863 Francisci‚
1906 802 1956 853 in
1982 820 2084 869 qua
2107 803 2182 854 in-

642 892 921 946 veniuntur
939 892 1053 942 loca
1075 889 1426 962 (Townships)
1450 898 1744 958 nuncupata
1772 891 2006 959 Gartlzby‚
2053 892 2184 948 Hat.

626 979 772 1048 sord,
820 980 1057 1040 Wkitton,
1094 979 1338 1040 Marston,
1384 978 1594 1039 Glinton,
1648 979 1883 1040 W'oburn,
1921 979 2181 1047 Stanhope,

652 1069 892 1137 C'roydon,
921 1067 1176 1128 C'hesham,
1202 1067 1438 1128 Adstock,
1463 1067 1710 1128 Linwick‚
1762 1067 1987 1128 Weedon,
2013 1068 2181 1119 Dzeds-

646 1157 771 1218 well,
819 1156 980 1223 Bury,
1030 1155 1309 1223 Hampden‚
1371 1156 1565 1216 Ditton,
1613 1155 1896 1216 Embarton,
1942 1158 2181 1222 Drayjton,

646 1244 933 1307 Auckland,
958 1246 1206 1312 Newport,
1240 1244 1514 1310 Westbury,
1537 1244 1699 1306 Stolce,
1723 1243 1956 1296 Windsor
1974 1252 2021 1295 et
2040 1245 2184 1313 ›Sitip-

651 1342 744 1386 ton.

713 1422 934 1474 Idoneos
967 1438 1115 1474 novae
1151 1420 1270 1472 Sedi
1298 1420 1535 1488 regendae
1576 1422 2001 1472 commendandos
2038 1422 2184 1473 duxi-

645 1528 760 1563 mus
799 1516 827 1546 *
851 1512 880 1541 ἦ
905 1512 934 1541 *
960 1516 1012 1560 et
1037 1509 1186 1560 enixe
1207 1526 1445 1577 rogamus
1468 1515 1527 1560 ut
1548 1508 1798 1561 Sanctitas
1815 1510 2000 1562 Vestra
2024 1528 2184 1562 unum

647 1617 712 1651 ex
735 1598 809 1651 eis
834 1598 899 1649 ad
920 1615 1105 1649 novam
1117 1597 1393 1649 Dioecesim
1409 1598 1683 1664 regendam
1705 1598 1917 1665 seligere
1931 1600 2183 1667 dignetur.

715 1687 874 1745 Quod
897 1685 960 1737 de
996 1686 1317 1753 indulgentia
1341 1685 1632 1737 Sanctitatis
1660 1686 1862 1739 Vestrae
1906 1704 2184 1754 speramus,

716 1776 992 1830 Provincia
1019 1775 1321 1836 Canadensi,
1347 1792 1521 1825 mense
1542 1774 1755 1826 Octobri
1788 1777 1934 1827 1851.

1200 1960 1345 2004 Breve
1377 1962 1653 2005 Erectionis.

1241 2030 1356 2076 Plus
1390 2031 1481 2077 ΡΡ.
1521 2029 1607 2076 [Χ.

707 2093 782 2140 Ad
823 2093 1028 2140 futuram
1067 2093 1131 2137 rei
1161 2093 1444 2138 memoriam.
1506 2092 1726 2139 Universi
1765 2091 2004 2139 Dominici
2038 2096 2192 2156 gregis

645 2189 757 2221 cura
785 2187 891 2233 quae
918 2171 1070 2218 Nobis
1100 2174 1260 2231 utpote
1283 2170 1422 2217 Beati
1452 2170 1577 2218 Petri
1612 2171 1936 2232 Apostolorum
1962 2172 2194 2233 Principis

649 2249 1006 2299 successoribus
1029 2251 1275 2295 commissa
1295 2249 1519 2295 divinitus
1541 2259 1624 2305 est,
1646 2250 1767 2295 illud
1789 2251 1954 2310 exigit,
1978 2261 2030 2296 ut
2051 2267 2195 2310 quum

646 2338 963 2392 opportunum
987 2327 1142 2385 fuerit,
1170 2343 1312 2373 novas
1336 2345 1417 2388 per
1440 2339 1659 2374 terrarum
1681 2327 1838 2373 orbem
1860 2330 2195 2376 constituamus

647 2409 886 2465 ecclesias,
904 2422 1142 2466 novosque
1161 2406 1468 2467 praeficiamus
1485 2417 1706 2467 pastores,
1730 2415 1782 2452 ut
1803 2406 1943 2453 saluti
1957 2408 2109 2453 ovium
2131 2406 2194 2453 fa-

649 2487 788 2533 cilius
811 2502 864 2532 ac
888 2484 1095 2531 securius
1116 2500 1171 2530 ea
1192 2486 1368 2530 ratione
1388 2484 1654 2531 consultum
1672 2486 1747 2532 sit.
1807 2484 1836 2530 J
1840 2501 1914 2530 am
1936 2489 2037 2531 vero
2051 2501 2195 2544 quum

646 2564 1045 2626 Archiepiscopus
1069 2561 1406 2621 QuebecensiS,
1428 2564 1729 2624 ejusdemque
1753 2562 2036 2624 Suffraganei
2060 2563 2195 2623 Epis-

648 2645 755 2704 copi
783 2658 845 2690 ex
870 2641 1062 2702 Synodo
1083 2658 1205 2688 anno
1228 2645 1435 2704 proxime
1466 2643 1690 2704 superiori
1723 2642 1884 2688 habita
1916 2641 2061 2687 Nobie
2089 2657 2196 2702 sup·

647 2721 941 2783 plicaverint‚
991 2731 1045 2767 ut
1078 2720 1135 2767 ad
1164 2721 1327 2767 melius
1367 2720 1702 2783 providendum
1730 2719 1956 2781 spirituali
1991 2719 2196 2765 fidelium

647 2799 771 2847 bono
792 2815 855 2847 ex
889 2799 1003 2846 natis
1026 2799 1182 2859 ampla
1212 2798 1507 2852 Quebecensi
1530 2798 1718 2846 ditncesi
1737 2809 1911 2860 partem
1945 2798 2196 2859 quamdam

646 2881 1000 2940 seiungeremus
1024 2877 1084 2925 ad
1112 2893 1279 2924 novam
1301 2877 1544 2925 ecclesiam
1575 2876 1957 2932 constituendam,
1978 2891 2080 2937 quae
2104 2874 2197 2922 suf-

645 2955 869 3018 fruguum
891 2967 1011 3005 esset
1037 2956 1407 3018 Metropolitanae
1431 2956 1762 3011 Quebecensis,
1783 2965 1827 3002 et
1849 2958 1981 3016 cujus
1997 2953 2126 3001 sedes
2148 2954 2196 2999 in

648 3032 856 3084 civitate
872 3033 1163 3082 Trifluviana
1184 3044 1476 3092 statueretur,
1508 3033 1550 3080 N
1556 3050 1606 3081 ou
1630 3034 1684 3080 de
1720 3035 1807 3080 hac
1830 3050 1877 3080 re
1903 3033 2195 3080 deliberatio·
