2552 3520
1157 295 1193 365 ij

424 447 670 479 nncmt‘rtm
708 446 914 478 nunnus
954 447 1134 478 rasum
1164 447 1201 477 S·
1241 446 1459 477 ANTomm
1488 446 1688 479 muscum
1727 446 1928 479 courm-

772 539 895 571 SORIS
923 539 986 571 AD
1016 539 1159 571 RITUM
1186 538 1386 570 nurmcls
1417 538 1619 588 MINORlS.

966 636 1113 689 Urbis
1148 642 1196 686 et
1236 635 1398 687 Orbis.
1545 589 1582 622 ’”

463 741 682 790 Dilectus
702 741 806 789 Deo
827 752 874 789 et
898 739 1171 788 hominibus
1194 739 1396 787 Sanctus
1417 740 1693 787 Antoninus
1723 740 1953 789 Florenti-

400 835 571 868 norum
586 818 812 876 Antistes,
832 834 981 880 quum
1002 817 1063 865 ab
1084 819 1191 878 ipsa
1210 819 1413 880 pueritia
1433 818 1525 865 sibi
1545 819 1839 880 proposuerit
1851 817 1957 867 Deo

398 900 668 961 plenissime
708 898 960 956 adhaerere,
1011 899 1230 960 viamque
1271 896 1598 945 mandatorum
1670 900 1771 958 ejus
1811 895 1955 944 alacri

398 993 583 1039 semper
602 992 765 1039 gressu
799 992 1080 1038 percurrere,
1115 991 1296 1038 ponens
1309 976 1358 1022 in
1393 975 1601 1023 Domino
1638 991 1768 1036 spem
1799 991 1950 1035 suam,

400 1071 581 1102 morum
602 1057 870 1117 integritate
891 1056 1096 1116 vitaeque
1118 1055 1435 1102 sanctimonia
1471 1054 1729 1115 promeruit
1754 1064 1809 1101 ut
1830 1053 1947 1100 divi-

399 1134 525 1181 nitus
547 1133 823 1196 dirigeretur
856 1133 917 1181 ad
944 1134 1275 1194 poenitentiam
1297 1134 1468 1193 gentis,
1489 1148 1543 1179 ac
1566 1131 1822 1181 tollendam
1843 1131 1954 1179 abo-

394 1212 705 1258 minationem
726 1212 997 1272 impietatis.
1063 1210 1309 1272 Siquidem
1330 1209 1600 1271 gubernans
1615 1210 1675 1257 ad
1690 1209 1952 1258 Dominum

398 1305 476 1336 cor
496 1305 649 1347 suum,
664 1290 857 1351 optavit,
873 1305 928 1335 at:
942 1288 1079 1335 datus
1101 1298 1171 1336 est
1190 1287 1265 1334 illi
1281 1303 1461 1345 sensus,
1482 1304 1535 1335 ac
1554 1289 1746 1350 spiritus
1768 1289 1951 1350 sapien-

394 1368 490 1425 tioe,
507 1368 760 1425 omniaque
775 1366 900 1414 bona
920 1367 1093 1427 pariter
1113 1381 1221 1412 cum
1242 1364 1326 1412 illa
1342 1365 1557 1426 adeptus,
1580 1380 1723 1426 super
1743 1366 1946 1414 salutem

396 1455 443 1493 et
458 1447 662 1507 speciem
683 1444 855 1492 dilexit
868 1443 1166 1504 illam,atque
1181 1443 1313 1490 illius
1325 1442 1690 1505 inextinguibili
1704 1444 1949 1506 splendore

389 1522 640 1582 adductus,
661 1524 712 1569 in
729 1521 896 1570 diebus
912 1531 1214 1583 peccatorum
1236 1521 1553 1569 corroboravit.
1574 1523 1815 1584 pietatem.
1833 1523 1948 1571 Pas-

392 1600 530 1648 torali
550 1600 784 1663 dignitate
804 1610 851 1648 et
886 1599 1039 1647 officio
1069 1600 1417 1658 cohonestatus,
1450 1602 1586 1661 quasi
1619 1600 1691 1648 sol
1710 1602 1867 1649 effusit
1896 1603 1948 1650 in

390 1678 568 1741 templo
587 1678 696 1737 Dei,
716 1677 864 1726 forma
878 1677 1033 1725 factus
1048 1680 1221 1740 gregis,
1242 1694 1305 1726 ex
1324 1680 1481 1725 animo
1498 1694 1550 1726 ac
1566 1678 1770 1728 sollicite
1794 1688 1948 1728 atten-

392 1756 507 1804 dens
522 1756 616 1804 sibi
630 1756 876 1817 eidemque
890 1758 1038 1817 gregi,
1051 1757 1102 1802 in
1119 1773 1213 1818 quo
1228 1755 1432 1818 Spiritus
1449 1756 1653 1805 Sanctus
1666 1773 1775 1805 eum
1786 1759 1950 1820 posuit

388 1835 664 1896 episcopum
699 1851 857 1897 regere
890 1833 1155 1881 Ecclesiam
1192 1834 1301 1892 Dei,
1343 1850 1488 1896 quam
1522 1835 1721 1883 humani
1762 1838 1948 1899 generis

393 1910 680 1974 Redemptor
710 1913 964 1974 acquisivit
983 1914 1214 1973 sanguine
1251 1928 1352 1971 suo,
1382 1914 1565 1961 curavit
1584 1924 1775 1976 gentem
1795 1931 1946 1975 suam,

385 1998 437 2037 et
450 1988 671 2037 liberavit
688 2006 793 2037 eam
813 2007 842 2037 a
862 1988 1137 2052 perditione.
1160 1989 1354 2051 Propter
1374 1991 1503 2052 quod
1522 1991 1742 2053 vigilans,
1759 1992 1945 2055 sibique
2013 2040 2025 2051 „s

389 2068 762 2117 concreditorum
781 2068 993 2116 fidelium
1012 2068 1260 2116 commoda
1275 2078 1324 2116 et
1342 2068 1572 2117 utilitates
1583 2070 1846 2131 inquirens,
1859 2075 1945 2119 vix

386 2146 481 2195 dici
498 2157 652 2209 potest
667 2156 899 2209 quantum
920 2147 1183 2208 prudentia,
1204 2148 1394 2208 pietate,
1428 2148 1671 2205 charitate,
1707 2165 1760 2197 ac
1793 2164 1947 2197 sacer·

390 2224 537 2273 dotali
553 2225 656 2273 zelo
676 2227 729 2272 in
763 2225 850 2273 hoc
866 2240 1060 2273 munere
1079 2224 1370 2285 excelluerit,
1390 2241 1486 2273 non
1507 2226 1758 2288 gloriandi,
1792 2237 1841 2276 et
1861 2227 1943 2276 do·

389 2303 606 2351 minandi
626 2312 674 2351 et
694 2302 967 2365 acquirendi
987 2303 1261 2366 cupiditate,
1303 2304 1385 2352 sed
1407 2303 1660 2352 obediendi
1698 2315 1743 2354 et
1775 2304 1944 2355 subve-

387 2381 553 2429 niendi
579 2391 627 2430 et
658 2380 765 2429 Deo
785 2381 1003 2443 placendi
1040 2381 1283 2430 charitate.
1343 2380 1483 2429 Nihil
1513 2381 1647 2430 aliud
1681 2384 1814 2442 scire,
1848 2384 1944 2432 nisi

384 2458 419 2507 J
420 2474 553 2507 esum
574 2457 818 2508 Christum
850 2468 900 2508 et
919 2459 1045 2507 hunc
1067 2458 1364 2517 crucifixum,
1385 2459 1607 2508 omnibus
1648 2461 1749 2509 siva
1784 2461 1943 2524 longe,

387 2538 485 2586 sive
498 2542 641 2600 prope
661 2536 875 2596 fuissent,
891 2536 1238 2602 evangelizavit
1252 2553 1413 2600 pacem
1437 2538 1784 2601 evangelizavit
1801 2538 1943 2599 bona,

386 2632 479 2664 non
512 2616 566 2663 in
597 2615 987 2678 persuasibilibus
1018 2616 1240 2664 humanae
1288 2618 1536 2679 sapientiae
1576 2616 1745 2677 verbis,
1783 2618 1869 2667 sed
1889 2620 1941 2667 in
1984 2606 1991 2611 ’

385 2696 650 2743 ostensione
670 2696 863 2757 spiritus
884 2704 933 2742 et
959 2695 1160 2754 virtutis,
1181 2694 1328 2743 donec
1349 2696 1552 2745 occurrit
1570 2697 1623 2743 in
1647 2696 1799 2745 virum
1836 2713 1940 2760 per-

386 2773 577 2832 fectum,
592 2775 642 2821 in
662 2789 930 2822 mensuram
947 2774 1101 2821 aetatis
1122 2773 1433 2836 plenitudinis
1455 2772 1651 2833 Christi,
1672 2784 1720 2824 et
1738 2774 1942 2838 adeptus

387 2861 458 2900 est
476 2867 695 2900 coronam
711 2852 908 2914 Justitiae
926 2851 1051 2899 bono
1071 2853 1323 2901 certamine
1343 2852 1553 2915 legitime
1569 2853 1781 2916 expleto,
1801 2869 1942 2903 cursu

385 2930 568 2992 integre
603 2941 942 2989 consummato,
976 2946 1031 2978 ac
1053 2929 1145 2979 fide
1175 2932 1474 2979 sanctissima
1493 2941 1688 2981 servata.
1735 2932 1844 2982 Etsi
1864 2933 1937 2987 in,-

382 3010 535 3071 signis
554 3008 822 3071 huiusmodi
853 3009 944 3056 viri
962 3023 1134 3057 nomen
1155 3008 1365 3071 undique
1394 3009 1682 3069 inclaruerit,
1715 3028 1770 3061 ac
1791 3027 1938 3075 penes
