2560 3520
1415 330 1487 383 vii

681 485 789 530 tum
810 468 1110 518 Visitationis
1121 469 1331 531 eiusdem
1345 469 1561 531 Deiparoe
1575 470 1717 519 fuisse
1729 487 1980 520 excussum
1993 487 2223 536 occupan-

680 549 802 600 tium
815 550 986 609 jugum
1022 547 1085 595 ab
1115 547 1262 607 Urbe,
1282 559 1328 597 et
1348 548 1530 610 aliquot,
1558 558 1667 612 post
1686 548 1784 596 dies
1817 550 1999 597 civilem
2023 550 2223 613 Aposto-

680 627 787 675 licoe
805 624 939 673 Sedis
959 627 1278 689 principatum
1292 625 1438 674 fuisse
1459 628 1723 676 restitutum
1740 625 1924 687 opibus,
1945 628 2156 688 consilio,
2174 638 2222 677 et

682 704 825 753 armis
855 701 1138 763 inclytarum
1170 702 1445 762 Nafionum,
1488 713 1535 753 et
1573 703 1863 766 Principum,
1895 706 2045 753 accito
2083 705 2221 754 Rmo.

683 782 860 832 Cardin
866 781 931 829 ali
942 781 1125 829 Aloisio
1139 781 1502 830 Lambruschini
1520 783 1754 844 Episcopo
1771 782 2223 841 Portuensi‚Sanctae

676 861 875 919 Rufinae,
899 869 945 907 et
980 857 1213 907 Centumc
1223 858 1438 918 ellurum,
1463 859 1708 909 Sacrorum
1730 860 1931 908 Rituum
1952 861 2222 924 Congrega-

677 942 798 989 tioni
836 937 1075 995 Praefecto,
1111 936 1391 985 Decessores
1428 953 1535 985 suos
1577 938 1624 984 S.
1660 937 1800 984 Pium
1830 937 1894 985 V.
1931 948 1978 986 et
2011 938 2086 986 Sa.
2120 939 2215 987 Me.

697 1017 839 1065 Pium
859 1015 965 1064 VII
985 1014 1249 1073 aemulatus,
1275 1024 1482 1062 mentem
1499 1031 1630 1062 suam
1650 1031 1748 1063 esse
1769 1016 2066 1077 significavit,
2084 1026 2138 1065 ut
2157 1016 2219 1065 ad

675 1097 801 1157 grati
824 1093 972 1140 animi
997 1091 1286 1139 reddendum
1308 1107 1445 1153 peren
1455 1107 1514 1139 ne
1535 1102 1580 1139 te
1588 1094 1859 1140 stimonium
1878 1094 2221 1153 gloriosissimoe

674 1172 868 1234 Virgini
892 1185 995 1233 quae
1010 1172 1247 1231 insperato
1264 1169 1370 1228 sibi,
1394 1183 1441 1218 et
1467 1169 1593 1217 fideli
1612 1170 1783 1232 populo
1803 1171 2055 1219 christiano
2067 1174 2116 1219 in
2137 1174 2217 1221 ad-

668 1251 900 1313 Jutorium
913 1249 1144 1307 venit‚hoc
1159 1264 1315 1309 ipsum
1329 1248 1627 1296 Visitationis
1641 1248 1830 1296 Festum
1840 1248 2034 1296 ducatur
2048 1252 2096 1297 in
2112 1268 2216 1313 pos-

674 1337 825 1377 terum
844 1343 927 1390 per
946 1327 1231 1375 Universum
1255 1325 1447 1384 Orbem,
1478 1327 1571 1374 ritu
1592 1326 1768 1388 duplici
1791 1327 2004 1374 secundae
2038 1328 2215 1388 classisa

673 1407 834 1468 Atque
848 1407 938 1453 hoc
976 1405 1232 1454 Decretum
1254 1406 1305 1451 in
1321 1405 1445 1453 Acta
1467 1404 1713 1453 Sacrorum
1733 1404 1931 1453 Rituum
1949 1405 2215 1469 Congrega-

671 1486 815 1533 tionis
832 1485 1006 1546 reponi,
1027 1499 1082 1531 ac
1104 1482 1284 1545 publici
1295 1485 1414 1544 Juris
1436 1482 1535 1530 fieri
1555 1481 1813 1541 mandavit,
1834 1483 1981 1544 pridie
1996 1483 2215 1531 calendas

666 1563 794 1625 junii
815 1578 938 1609 anno
967 1566 1091 1608 1850.

732 1640 790 1688 L.
826 1639 873 1686 Sn
966 1640 1010 1686 A
1029 1638 1167 1686 Card.
1204 1638 1586 1685 LAMBRthcmNr
1620 1637 1705 1684 ΕΡ.
1743 1640 2025 1696 Parmensis,
2050 1646 2151 1698 etc„

1680 1719 1726 1764 S.
1758 1719 1803 1764 R
1835 1719 1904 1763 .0.
1938 1720 2211 1776 Proefectus.

671 1862 918 1895 DECRETUM
943 1862 1023 1893 PRO
1045 1862 1211 1893 GRATIA
1243 1862 1616 1893 coNFmMA'rloms
1647 1863 1794 1893 ‘rrruu
1812 1863 2026 1894 Doc'ronls
2056 1864 2103 1893 1N
2132 1865 2213 1895 110-

727 1937 884 1968 nolimu
916 1937 953 1967 S.
981 1937 1153 1967 HILARn
1180 1937 1395 1977 nmscol'r,
1415 1939 1472 1967 Ξῖ·
1492 1938 1785 1968 ΕΒΕῪΔΤΙΟΝΙὲ
1811 1938 2007 1969 BJUSDEM
2029 1938 2154 1968 rnsw
2190 1977 2192 1979 Ι

1099 2012 1160 2041 ΑΒ
1190 2012 1335 2044 RITUM
1363 2012 1560 2043 DUPLICIS
1592 2012 1784 2045 Minonis.

730 2072 872 2126 Quod
890 2074 1187 2136 potissimum
1207 2077 1257 2121 in
1279 2076 1398 2123 votis
1419 2086 1519 2122 erat
1539 2075 1757 2122 fidelibus
1777 2091 1873 2121 non
1894 2076 2049 2120 minus
2065 2090 2207 2135 quam

673 2152 890 2199 universo
912 2150 1176 2199 Galliarum
1213 2152 1366 2210 Clero,
1386 2170 1440 2200 ac
1464 2155 1700 2215 praecipue
1722 2153 1993 2214 Aquitaniae
2014 2152 2209 2199 Provin-

669 2231 772 2288 ciae,
792 2238 846 2277 ut
867 2245 1047 2276 summo
1066 2230 1292 2277 nimirum
1313 2230 1499 2277 illorum
1536 2231 1665 2279 Patri
1690 2230 1863 2279 Sancto
1895 2230 2080 2277 Hilario
2100 2229 2208 2277 Pic-

668 2317 882 2356 tavorum
926 2307 1160 2369 Episcopo
1182 2308 1369 2356 debitus
1389 2309 1552 2368 honor,
1574 2310 1713 2357 sicuti
1744 2318 1792 2357 et
1812 2309 1977 2356 ceteris
1999 2306 2207 2369 eJusdem

667 2385 823 2432 meriti
856 2401 911 2432 ac
944 2384 1205 2447 dignitatiS,
1238 2386 1428 2436 demum
1454 2387 1776 2435 decerneretur
1810 2385 1872 2433 ab
1906 2386 1994 2433 hac
2034 2384 2207 2433 Sancta

666 2462 943 2525 Apostolica
975 2462 1111 2521 Sede,
1132 2479 1224 2526 quo
1243 2454 1384 2513 laude
1405 2482 1460 2514 ac
1493 2464 1632 2514 titulo
1656 2462 1889 2522 Doctoris,
1911 2464 2048 2510 sicuti
2080 2460 2206 2523 apud

666 2540 897 2604 quasdam
910 2542 1170 2604 peculiares
1187 2539 1428 2590 Ecclesiae
1434 2541 1715 2607 jamdudum
1728 2541 1916 2604 gaudet,
1929 2542 1977 2587 in
1990 2541 2206 2587 universa

666 2617 886 2668 Ecclesia
903 2618 995 2668 coli
1015 2631 1160 2683 queat
1180 2637 1287 2668 cum
1318 2609 1533 2668 officiii‘et
1551 2621 1696 2669 missa
1716 2620 1809 2668 ritu
1842 2619 2018 2681 duplici
2039 2635 2053 2675 ;
2084 2615 2206 2663 illud

665 2698 821 2760 ipsum
843 2699 1146 2747 statuendum
1168 2698 1410 2747 humiliter
1444 2698 1740 2761 postularunt
1756 2698 1918 2746 Patres
1937 2696 2205 2744 novissima

667 2776 848 2838 Synodi
868 2776 1227 2841 Burdigalensis
1248 2794 1304 2826 eo
1324 2778 1478 2837 modo,
1498 2793 1592 2839 quo
1612 2793 1710 2825 non
1729 2776 1892 2824 multis
1925 2773 2097 2822 abhinc
2118 2788 2203 2820 an-

663 2855 741 2902 nis
777 2853 963 2903 Summi
983 2855 1237 2904 Pontifices
1258 2855 1317 2904 de
1354 2855 1400 2903 S.
1424 2855 1565 2904 Petro
1593 2854 1901 2916 chrysologe,
1931 2852 2070 2900 Petro
2101 2849 2203 2898 Da-

663 2933 825 2981 miano
846 2931 1109 2996 Episcopis,
1126 2951 1179 2982 ac
1197 2934 1438 2983 Bernardo
1460 2933 1646 2981 Abbatc
1685 2933 1906 2995 praeclare
1925 2937 2202 2980 statuerunt.

665 3009 872 3060 Sanctus
890 3016 1058 3076 nempe
1081 3011 1300 3060 Hilarius
1319 3012 1442 3061 inter
1460 3011 1625 3060 mundi
1645 3011 1873 3074 procellas
1890 3024 2092 3072 magnus
2111 3004 2205 3054 fuit

662 3087 894 3139 Ecclesiae
937 3100 1233 3149 sustentator,
1283 3090 1586 3140 occidentalis
1629 3089 1746 3139 tuba
1784 3100 1947 3140 contra
1985 3088 2203 3146 Arianos,
