2592 3568
1137 309 1494 349 rnovmcunn
1530 311 1571 363 ι.ι
2108 296 2142 348 9

603 451 636 495 a
675 433 939 505 provincia
983 432 1326 489 ecclesiastica
1368 435 1709 495 Quebecensi.
1804 436 1923 491 Hoc
1968 442 2144 492 autem

601 522 929 593 Rescriptum
952 521 1027 576 sic
1051 539 1105 577 se
1122 522 1313 577 habet:

1098 645 1264 700 PIUS
1306 645 1501 700 PAPA
1552 645 1655 700 IX.

977 767 1068 822 Aa
1080 775 1370 838 perpensam
1389 770 1465 822 rei
1480 771 1774 823 memoriam.

676 873 891 929 Litteris
913 873 1102 927 nostris
1123 874 1182 926 in
1198 872 1367 928 forma
1386 874 1585 939 Brevis,
1622 875 1708 928 die
1756 878 1802 929 4.
1838 874 1875 928 J
1875 873 1988 928 unii
2027 875 2152 928 anni

610 962 760 1025 1847,
797 961 946 1025 datis,
970 961 1158 1029 quibus
1179 978 1314 1015 nova
1337 961 1637 1032 episcopalis
1660 961 1875 1016 ecclesia
1891 962 1948 1016 in
1970 961 2152 1016 Insula

605 1048 969 1105 Terrae-Novae
982 1048 1084 1104 fuit
1104 1049 1399 1113 constituta,
1416 1049 1551 1103 illud
1573 1067 1777 1118 quoque
1794 1050 2153 1105 continebatur

602 1154 751 1193 novae
785 1136 944 1207 hujus
989 1137 1123 1191 sedis
1169 1137 1423 1192 antistites
1457 1137 1806 1208 suffraganeos
1829 1155 1938 1192 esse
1962 1140 2151 1193 debere

605 1223 998 1296 A‘rchiepiscopi
1044 1225 1410 1285 Quebecensis.
1482 1226 1617 1281 Cum
1637 1244 1760 1282 vero
1798 1227 1948 1297 plura
1968 1228 2155 1281 deinde

608 1313 658 1367 S.
682 1313 740 1367 C.
765 1314 833 1367 de
856 1314 1011 1383 Prop.
1050 1314 1180 1367 Fide
1219 1313 1415 1369 fuerint
1453 1315 1702 1384 exposita,
1739 1332 1856 1384 quse
1912 1316 2153 1371 evincant

608 1401 780 1456 minus
799 1410 1147 1472 opportunum
1168 1404 1392 1457 existere
1411 1421 1506 1474 pro
1529 1403 1869 1458 ecclesiastico
1887 1404 2156 1475 regimine,

611 1491 822 1546 attentis
844 1491 1074 1545 locorum
1097 1498 1151 1545 et
1167 1509 1501 1560 personarum
1519 1491 1600 1562 adj
1607 1492 1790 1555 unctis,
1824 1492 2071 1546 unionem
2092 1493 2158 1546 is-

609 1585 717 1634 tam
764 1578 1012 1634 Ecclesiae
1051 1579 1416 1636 Terrae-Novae
1478 1598 1598 1634 cum
1643 1581 1915 1634 Provincia
1953 1581 2158 1641 Quebe·

611 1667 767 1733 censi,
800 1667 926 1721 hinc
950 1673 1027 1723 est
1052 1669 1191 1736 quod
1212 1686 1306 1722 nos
1329 1672 1395 1723 de
1418 1669 1748 1723 ecclesiarum
1783 1670 1921 1722 bono
1953 1669 2156 1739 potissi-

612 1773 755 1810 mum
777 1755 984 1810 solliciti
1005 1774 1065 1809 eo
1087 1756 1143 1810 in
1165 1757 1338 1827 capite
1361 1757 1590 1827 praesatis
1626 1757 1813 1812 litteris
1856 1757 1993 1811 ultro
2016 1758 2160 1811 dero-

614 1845 845 1916 gandum
865 1846 1170 1900 censuimus.

685 1933 909 1988 Proinde
934 1935 1000 1987 de
1023 1935 1252 2005 ejusdem
1275 1934 1326 1988 S.
1352 1934 1410 1988 C.
1449 1933 1661 1988 consilio
1704 1940 1882 1989 tenore
1942 1950 2163 2003 praesen-

613 2023 746 2077 tium
769 2023 1044 2077 statuimus
1067 2023 1379 2093 Episcopum
1421 2022 1788 2077 Terrae-Novae
1822 2028 1875 2076 et
1910 2038 2164 2076 successo-

617 2128 700 2165 res
723 2111 835 2182 ejus
858 2111 1000 2164 haud
1023 2128 1131 2164 esse
1155 2111 1377 2181 amplius
1420 2110 1687 2165 adstrictos
1728 2110 1881 2164 titulo
1918 2110 2166 2181 suffraga-

618 2205 801 2253 neatus
822 2199 1126 2268 supradictae
1166 2199 1518 2258 Quebecensis
1537 2199 1839 2263 Provinciae,
1877 2205 2033 2268 prout
2072 2215 2167 2268 per

621 2288 936 2358 supradictas
980 2287 1156 2342 literas
1196 2288 1253 2341 in
1295 2287 1462 2341 forma
1483 2287 1663 2358 Brevis
1685 2287 1856 2341 fuerat
1876 2287 2165 2352 inductum,

623 2376 938 2446 amplissima
982 2376 1180 2430 ratione
1224 2377 1282 2429 in
1324 2393 1386 2429 eo
1409 2375 1577 2445 capite
1599 2376 1664 2429 iis
1685 2377 2011 2446 derogantes,
2042 2392 2162 2429 cum

623 2470 799 2519 tamen
817 2465 875 2517 in
894 2464 1106 2533 reliquis
1127 2465 1472 2518 omnimodam
1489 2465 1672 2518 iisdem
1691 2465 2047 2519 auctoritatem
2066 2480 2168 2518 ser-

623 2554 846 2608 vandam
869 2554 1217 2607 decernamus.
1292 2554 1644 2608 Decernentes
1664 2553 1760 2606 has
1779 2558 2040 2622 presentes
2084 2552 2169 2607 lit-

625 2648 760 2697 teras
782 2643 974 2706 firmas‚
1010 2642 1281 2696 validas'et
1304 2642 1535 2696 efficaces
1559 2642 1779 2696 existere
1799 2648 1850 2696 et
1871 2641 1995 2705 fore,
2031 2656 2170 2694 suos-

628 2749 729 2801 que
754 2731 1010 2801 plenarios
1032 2738 1084 2785 et
1101 2730 1331 2801 integros
1354 2731 1568 2785 effectus
1609 2730 1780 2784 sortiri
1822 2735 1874 2784 et
1915 2729 2168 2792 obtinere,

628 2838 689 2875 ac
701 2820 806 2874 illis
826 2822 892 2874 ad
912 2838 1040 2889 quos
1063 2826 1259 2890 spectat
1281 2826 1334 2874 et
1349 2819 1602 2896 spectabit
1614 2820 1711 2873 hoc
1731 2818 2020 2887 futurisque
2042 2824 2171 2871 tem-

627 2910 839 2980 poribus
862 2910 1153 2980 plenissime
1180 2909 1465 2979 suffragari.

701 2999 897 3053 Datum
920 2999 1098 3053 Romae
1133 2999 1271 3068 apud
1292 2997 1345 3051 S.
1370 2997 1593 3051 Mariam
1615 2995 1869 3066 Majorem
1893 2996 1988 3049 sub
2013 3011 2176 3049 annu-

2502 2026 2506 2033 .
2500 1984 2506 1997 ,,
2500 1944 2507 1963 „5
2495 1758 2505 1934 „umnam-As>

2544 2024 2549 2031 .
2542 1961 2548 1967 ,
2532 1840 2548 1847 2
2534 1824 2548 1829 φ
2525 1771 2541 1801 ὲ
