2608 3616
477 352 544 407 40
920 368 1205 405 CONCILIUM
1244 371 1313 411 QU
1319 371 1576 407 EBEOENSE

474 496 766 565 spectacula
786 502 838 549 et
860 495 1108 564 quasdam
1125 496 1432 564 quaestiones
1455 497 1669 550 maximi
1686 498 1934 552 momenti
1953 499 2019 551 ab

474 583 741 654 Episcopis
756 585 1043 638 submissas,

542 671 764 742 Legitur
785 674 938 726 tertia
964 674 1145 726 relatio
1184 673 1591 742 congregationis
1626 673 1686 725 de
1708 674 1931 728 doctrina
1954 677 2020 728 de

473 762 823 831 publicatione
846 764 1039 815 decreti
1068 764 1279 815 Tametsi
1296 762 1511 814 Concilii
1535 763 1839 816 Tridentini.

542 850 692 904 Hora
715 852 895 919 quinta
918 868 1036 903 cum
1059 850 1286 906 dimidia.
1311 851 1445 904 facta
1467 851 1713 915 oratione,
1745 852 2021 907 discedunt

472 956 661 994 omnes,

769 1047 979 1099 Decima
1000 1054 1139 1099 sexta
1172 1047 1489 1115 Conyreyatio
1508 1047 1720 1115 privata.

540 1152 736 1205 Eadem
756 1154 855 1216 die,
875 1154 1005 1205 hora
1028 1161 1205 1206 octava
1221 1170 1340 1205 oum
1365 1153 1575 1205 dimidia
1594 1160 1710 1220 post
1731 1152 2016 1216 meridiem,

470 1243 784 1296 conveniunt
806 1243 1003 1295 Patres,

540 1330 813 1399 Leguntur
851 1338 904 1383 et
937 1331 1209 1383 admittunt
1240 1348 1265 1381 ε·
1318 1336 1427 1381 vta
1463 1330 1680 1381 duarum
1725 1331 2019 1398 praeceden·

469 1417 602 1473 tium
624 1419 1093 1489 congregationum.

540 1508 1014 1560 Reverendissimus
1052 1506 1338 1575 Episcopus
1373 1506 1793 1575 Kingstoniensis
1833 1512 2017 1559 notum

466 1595 593 1649 facit
630 1598 824 1651 caeteris
864 1597 1080 1649 Concilii
1118 1596 1361 1648 Patribus
1394 1596 1548 1663 quod,
1587 1596 1654 1646 ob
1690 1594 2016 1648 malefactam

466 1685 829 1748 valetudinem,
870 1693 923 1737 et
956 1685 1119 1737 menti
1154 1685 1201 1737 S.
1231 1684 1377 1736 Sedis
1406 1683 1720 1752 Apostolicae
1757 1685 2019 1753 obtempe-

466 1792 580 1827 rare
604 1776 828 1843 cupiens,
849 1775 1072 1827 libenter
1093 1780 1144 1826 et
1167 1773 1453 1825 voluntarie
1475 1790 1578 1824 suae
1600 1772 1832 1825 dioecesis
1857 1773 2017 1825 admi-

466 1864 758 1916 nistrationi
780 1863 1044 1916 renuntiat
1063 1863 1121 1914 in
1144 1862 1361 1931 gratiam
1382 1861 1518 1913 Rmi.
1544 1861 1846 1913 Carrhensis
1870 1861 2017 1931 Epis-

466 1952 599 2020 copi,
645 1951 725 2003 sui
747 1952 1085 2021 CoadjutoriS.
1178 1951 1453 2009 Quoddam
1499 1951 1903 2003 instrumentum
1950 1951 2017 2003 ad

463 2040 561 2091 hoo
578 2048 923 2108 praeparatum
940 2057 1096 2092 manu
1116 2039 1324 2108 propria
1342 2039 1623 2108 subsignat,
1648 2056 1752 2092 una
1767 2057 1886 2092 cum
1910 2039 2017 2093 suis

463 2128 864 2181 venerabilibus
916 2128 1154 2196 Collegis.
1244 2128 1523 2197 Subsignat
1566 2145 1773 2195 quoque
1815 2128 2015 2181 litteras

462 2217 651 2285 quibus
699 2216 969 2268 Summum
1012 2216 1319 2269 Pontificem
1353 2218 1623 2269 certiorem
1654 2215 1776 2271 facit
1818 2219 1882 2270 de
1922 2235 2016 2271 sua

460 2305 648 2374 agendi
670 2306 884 2367 ratione,
908 2306 963 2357 in
986 2305 1066 2358 his
1087 2306 1495 2359 circumstantiis.

530 2395 746 2447 Decima
765 2382 892 2446 hora
913 2395 1161 2446 recedunt
1195 2395 1391 2447 Patres,

714 2514 934 2569 Decima
963 2518 1167 2587 septima
1211 2517 1527 2586 Conyreqatio
1556 2519 1773 2586 privata.

527 2623 676 2676 Hora
699 2641 836 2677 nona
856 2642 973 2676 cum
994 2625 1208 2677 dimidia
1228 2631 1347 2678 ante
1367 2625 1651 2687 meridiem,
1666 2623 1795 2677 feria
1811 2630 2012 2692 quarta,

457 2712 541 2766 die
561 2713 805 2782 vigesima
830 2714 1048 2782 septima
1072 2713 1316 2783 Augusti,
1340 2714 1654 2766 conveniunt
1672 2713 1868 2766 Patres.

527 2802 799 2871 Leguntur
824 2810 878 2854 et
913 2803 1266 2871 approbantur
1286 2811 1397 2855 acta
1426 2802 1583 2855 trium
1605 2802 2010 2871 praecedentium

454 2892 927 2961 congregationum.

525 2980 795 3050 Leguntur
817 2980 1025 3033 decreta
1046 2997 1058 3032 :

514 3072 691 3118 l.·—De
712 3072 1018 3119 Societatibus
1035 3074 1221 3119 secretis
1242 3092 1258 3123 ;
