2608 3616
1154 372 1505 414 raovmoum
1538 377 1574 416 1.
2064 366 2135 424 38

594 504 690 562 est,
708 497 823 552 loeo
856 497 1021 561 solito,
1046 504 1193 552 sexta
1211 500 1539 569 congregatio
1577 501 1846 571 generalis,
1870 506 1953 559 eui
1972 507 2131 563 inter-

596 585 744 640 fuere
763 603 939 639 omnes
959 587 1141 640 Patres
1165 587 1385 641 Consilii
1403 588 1658 661 (exeeptis
1679 591 2136 653 Reverendissimis

599 673 1072 743 Carolinopolitano
1089 682 1142 729 et
1161 674 1522 732 'serm-Novae
1541 678 1835 751 Episcopis)
1850 698 1968 735 cum
1987 682 2131 737 theo·

597 761 731 832 logis
754 768 806 815 et
829 763 1099 816 officiariis.

681 851 952 921 Leguntur
988 858 1101 905 acta
1123 852 1457 921 praecedentis
1494 855 1904 925 congregationis
1922 874 2135 928 genera-

599 938 679 993 lis.

667 1027 958 1081 Discutitur
993 1029 1058 1080 de
1079 1044 1214 1082 novo
1237 1028 1403 1097 prima
1443 1029 1622 1084 relatio
1647 1033 2055 1103 congregationis
2074 1033 2135 1089 de

592 1115 831 1169 doctrina.

666 1203 941 1274 Leguntur
966 1211 1019 1258 et
1041 1204 1415 1258 discutiuntur:

675 1293 1029 1347 l.—Secunda
1062 1293 1244 1347 relatio
1267 1293 1496 1363 ejusdem
1532 1293 1945 1363 congregationis
1981 1312 2135 1366 super

597 1381 809 1434 modum
834 1382 1167 1437 coordinandi
1188 1381 1427 1436 materias
1465 1382 1653 1450 quibus
1677 1382 2023 1440 conficiendas
2058 1391 2135 1441 est

598 1469 936 1524 catechismus
950 1489 965 1532 3

669 1558 968 1612 2.—Tertia
985 1559 1167 1612 relatio
1187 1558 1598 1629 congregationis
1619 1557 1679 1610 de
1702 1558 1880 1612 studiis
1898 1560 2063 1614 circa:

809 1646 853 1699 I.
877 1647 1087 1700 Scholas
1110 1647 1378 1715 utriusque
1402 1664 1554 1699 sexus
1576 1646 1764 1700 mixtas
1783 1666 1798 1708 ς

808 1735 883 1789 ΙΙ.
909 1735 1119 1789 Scholas
1142 1754 1174 1788 a
1195 1734 1502 1788 monialibus
1520 1735 1837 1797 moderatam

807 1823 908 1876 III.
956 1824 1292 1895 Programma
1334 1824 1620 1877 studiorum
1656 1823 1714 1876 in
1755 1824 1907 1878 dictis
1948 1823 2134 1879 scholis

597 1912 920 1965 servandum.

667 2000 970 2059 Quadrante
1006 2006 1126 2054 ante
1152 2005 1351 2054 sextam
1372 2000 1569 2064 horam,
1601 1999 1739 2055 facta
1760 2000 2004 2064 oratione,
2029 2018 2133 2054 om-

595 2104 689 2141 nes
711 2088 995 2142 discedunt.

1002 2212 1152 2265 Nona
1184 2212 1501 2282 Gonyreyatio
1514 2213 1732 2282 privata.

665 2317 815 2371 Hora
832 2335 968 2371 nona
990 2335 1109 2370 cum
1131 2318 1344 2371 dimidia
1367 2324 1486 2371 ante
1523 2318 1806 2381 meridiem,
1828 2317 1960 2371 feria
1978 2324 2138 2383 sexta,

594 2405 682 2459 die
714 2406 962 2475 vigesima
981 2407 1204 2459 secunda
1237 2406 1481 2476 Augusti,
1517 2408 1705 2460 adsunt
1728 2423 1904 2460 omnes
1943 2407 2138 2471 Patres,

594 2495 828 2564 exceptis
865 2500 1041 2548 tamen
1084 2495 1546 2548 Reverendissimis
1578 2495 2049 2565 Carolinopolitano
2088 2501 2140 2549 et

595 2589 651 2636 et
672 2584 1034 2638 Terrae-Novae
1058 2584 1324 2654 Episcopis
1363 2584 1452 2651 qui
1472 2583 1733 2637 definitive
1757 2584 2032 2647 civitatem,
2053 2600 2140 2636 ne·

594 2662 859 2741 gotiorum
881 2688 1049 2734 causa,
1074 2673 1159 2725 die
1183 2672 1489 2741 praecedenti
1521 2672 1855 2741 reliquerunt.

674 2760 944 2830 Leguntur
979 2766 1094 2814 acta
1113 2768 1302 2814 oetavae
1322 2760 1748 2831 Congregationis
1787 2761 2017 2829 privatae,
2044 2776 2143 2813 ses-

599 2848 758 2902 sionis
800 2850 1038 2903 secundae
1063 2856 1117 2904 et
1158 2855 1319 2904 sextae
1363 2848 1776 2920 congregationis
1817 2848 2088 2919 generalis,
2113 2865 2146 2903 a

600 2936 949 3007 Patribusque
973 2939 1330 2993 admittuntur.

669 3025 962 3081 Discutitur
986 3028 1210 3082 secunda
1227 3026 1408 3082 relatio
1427 3023 1833 3096 congregationis
1855 3024 1917 3078 de
1940 3025 2142 3095 liturqia

1361 3134 1389 3168 c
