2576 3536
1191 327 1548 367 rnovmcmm
1582 331 1616 367 1.
2158 322 2224 376 63

1014 450 1331 505 XIV.—De
1349 453 1659 506 societatibus
1680 458 1888 509 secretis.

735 558 953 627 Propter
968 559 1289 629 gravissimas
1312 560 1552 622 rationes,
1570 568 1844 615 vetuerunt
1860 563 2223 622 SS.Pontifices

662 664 743 709 ‚ne
767 647 942 701 fideles
967 654 1183 701 secretas
1208 650 1491 711 societates,
1529 650 1709 717 quovis
1731 650 1938 704 nomine
1963 669 2223 723 nuncupa-

676 744 757 791 tas
803 737 995 800 ineant,
1041 739 1377 809 jurejurando
1423 756 1531 791 sese
1556 739 1932 809 adstringentes
1953 741 2020 793 ad
2041 759 2225 797 arcana

674 828 935 880 servanda.
959 827 1095 879 Nam
1109 825 1301 880 foedera
1317 828 1617 897 hujusmodi
1638 827 1927 880 clanculum
1948 829 2077 896 inita
2100 831 2225 884 mali

673 916 1015 985 suspicionem
1035 923 1088 968 et
1109 915 1392 983 periculum
1409 933 1512 983 prae
1535 933 1588 967 se
1610 915 2223 987 ferunt‚etjusjurandum

673 1005 866 1058 temere
889 1003 1177 1055 adhibetur.
1202 1003 1407 1055 Idcirco
1429 1020 1698 1055 monemus
1720 1006 2005 1058 sacerdotes
2029 1024 2221 1071 omnes,

673 1092 936 1144 neminem
971 1109 1119 1160 posse
1142 1090 1462 1143 absolutione
1509 1092 1866 1145 sacramentali
1889 1094 2083 1156 donari,
2120 1095 2222 1149 nisi

673 1181 741 1234 ab
756 1181 1052 1251 hujusmodi
1075 1179 1401 1233 societatibus
1422 1196 1628 1247 prorsus
1645 1181 1860 1233 recedat.
1934 1181 2222 1236 Hortamur

671 1276 864 1332 autem,
903 1275 955 1322 et
996 1269 1052 1320 in
1101 1268 1320 1320 Domino
1365 1269 1690 1320 obsecramus
1727 1268 1903 1321 fideles
1929 1286 2122 1333 omnes,
2161 1277 2222 1325 ut

673 1358 875 1411 occulta
897 1358 986 1410 illa
1006 1356 1199 1410 soedera
1218 1358 1429 1409 omnino
1455 1355 1730 1420 declinent,
1753 1367 1924 1412 mente
1959 1358 2218 1412 revolven-

673 1454 752 1501 tes
776 1465 828 1499 se
876 1446 1069 1499 Christi
1116 1446 1343 1498 membra
1387 1462 1511 1514 esse,
1532 1453 1585 1498 et
1633 1445 1873 1498 Ecclesiae
1897 1462 2015 1513 quae
2056 1453 2220 1500 mater

671 1543 848 1589 nostra
868 1544 945 1588 est
964 1535 1218 1587 mandatis
1243 1534 1421 1594 teneri,
1443 1551 1631 1601 eosque
1654 1541 1711 1586 ut
1729 1534 1864 1585 filios
1881 1534 2011 1586 lucis
2031 1535 2218 1588 debere

672 1625 952 1686 ambulare,
989 1624 1144 1693 juxta
1168 1618 1487 1675 sanctissima
1511 1630 1563 1674 et
1604 1623 1777 1675 divina
1797 1622 1885 1675 illa
1909 1624 2218 1677 documenta

672 1731 791 1782 quae
816 1714 1055 1766 Christus
1080 1712 1333 1765 Dominus
1354 1711 1579 1763 tradidit.

1064 1912 1068 1915 ἡ
1099 1836 1384 1889 XV.——De
1407 1835 1584 1886 scholis
1608 1836 1789 1886 mixtis.

743 1945 953 1998 Scholas
988 1947 1186 2006 mixtaS,
1210 1943 1266 1995 in
1302 1943 1490 2010 quibus
1515 1941 1709 1994 scilicet
1728 1940 1876 2009 pueri
1899 1941 2127 1992 fidelium
2152 1940 2216 1993 si-

669 2035 782 2088 mul
806 2053 925 2087 cum
950 2033 1345 2098 acatholicorum
1370 2031 1543 2099 pueris
1567 2029 1850 2098 promiscue
1869 2028 2090 2090 admissi,
2105 2028 2220 2081 nul-

669 2126 775 2179 lam
800 2125 882 2178 vel
907 2123 1087 2176 falsam
1111 2122 1412 2192 religionem
1450 2121 1741 2180 edocentur,
1785 2124 1962 2185 utpote
1984 2123 2129 2168 nata·
2152 2117 2221 2170 ad

668 2217 805 2268 hanc
824 2214 1103 2283 impietatis
1122 2212 1279 2272 luem,
1305 2228 1419 2278 quae
1440 2209 1596 2277 vulgo
1636 2207 2066 2275 indifferentismus
2086 2223 2218 2257 nun-

668 2312 905 2374 cupatur,
942 2301 1306 2371 psocreandam
1329 2287 1544 2351 omnino
1564 2296 1873 2366 periculosas
1903 2294 2214 2364 judicamus

671 2396 1002 2463 Quapropter
1039 2389 1326 2460 pastoribus
1374 2386 1662 2439 animarum
1701 2384 1852 2436 enixe
1898 2383 2218 2435 commenda-

670 2503 801 2546 mus,
837 2491 894 2536 ut
918 2481 1095 2534 fideles
1119 2497 1340 2549 quorum
1383 2494 1505 2529 cura
1528 2476 1626 2527 sibi
1648 2473 1982 2526 committitur
2016 2472 2080 2522 ab
2104 2470 2217 2523 istis

670 2573 951 2645 gymnasiis
993 2570 1136 2623 omni
1160 2576 1345 2621 conatu·
1370 2571 1597 2619 avocent.
1669 2563 1824 2621 Quod
1865 2561 1906 2613 si
1928 2560 1984 2610 in
2006 2557 2217 2626 quibus·

671 2667 792 2718 dam
814 2663 956 2725 lociS,
976 2659 1162 2713 scholis
1187 2655 1450 2710 catholicis
1472 2652 1843 2711 deficientibus),
1862 2650 2049 2700 mixtas
2074 2646 2218 2699 scho-

668 2755 749 2808 las
771 2754 920 2822 pueri
959 2752 1101 2804 adire
1149 2754 1415 2818 cogantur,
1459 2742 1731 2812 invigilent
1767 2743 1991 2807 pastores
2036 2751 2216 2787 eorum

670 2851 828 2913 atque
855 2850 1090 2913 parentes
1110 2857 1192 2902 ne,
1217 2837 1403 2891 erroris
1424 2849 1677 2886 venenum
1702 2827 1888 2882 sensim
1930 2825 2218 2885 ebibentes,

665 2934 795 2988 fidei
816 2931 1228 2996 innocentiaeque
1241 2928 1497 2998 jacturam
1544 2921 1822 2991 patiantur.
1892 2914 2059 2967 Nobis
2093 2928 2217 2965 vero

670 3022 807 3076 nihil
831 3039 937 3074 non
963 3018 1308 3073 emoliendum
1352 3014 1454 3069 erit
1471 3019 1529 3065 ut
1549 3007 1803 3068 catholici,
1819 3006 1941 3073 jura
1985 3018 2078 3055 sua
2095 3000 2221 3054 reti-
