2592 3616
1153 318 1512 356 novrum-Am
1543 319 1578 357 1.
2104 306 2174 359 39

707 442 857 496 Hora
879 442 1078 512 quinta,
1112 442 1248 498 facta
1266 444 1511 507 oratione,
1552 443 1800 498 recedunt
1822 462 2011 501 omnes.

921 586 1126 640 Decima
1150 587 1323 656 quinta
1353 586 1671 656 Oonyreyatio
1681 589 1899 656 privata.

712 707 862 764 Hora
890 708 1090 763 decima
1126 716 1246 764 ante
1289 711 1571 775 meridiem,
1630 711 1715 764 die
1750 711 2000 781 vigesima
2037 720 2182 767 sexta

641 796 885 868 Augusti,
910 816 1086 852 omnes
1107 799 1326 852 Concilii
1349 800 1545 864 Patres,
1566 806 1782 869 excepto
1802 801 1950 854 Rmo.
1976 802 2184 871 Episco-

638 902 708 955 po
730 887 1209 956 Martyropolitano,
1242 888 1569 951 conveniunt,
1604 896 1721 956 post
1743 889 1959 942 Missam
2004 891 2185 943 solem-

642 974 779 1028 niter
798 975 1107 1028 celebratam
1132 978 1196 1028 ab
1221 976 1390 1029 Illmo.
1417 995 1477 1029 ac
1496 977 1644 1031 Rmo.
1672 978 1789 1030 DD.
1830 979 2185 1048 Archiepisco-

639 1081 708 1133 po
732 1080 826 1134 pro
841 1062 1095 1116 defunctis
1118 1064 1406 1119 Provinciae
1422 1066 1769 1124 Quebeoensis
1783 1067 2064 1136 Episcopis,
2089 1068 2182 1137 qui

640 1152 698 1206 in
717 1152 943 1205 Domino
962 1153 1153 1206 mortui
1171 1160 1307 1206 sunt.

712 1241 986 1311 Leguntur
1004 1249 1117 1295 acta
1136 1242 1545 1311 congregationis
1567 1243 1782 1310 privatae
1821 1249 1873 1296 et
1911 1260 2187 1314 congrega-

643 1329 799 1385 tionis
836 1331 1091 1400 generalis
1130 1331 1547 1399 praecedentium,
1579 1338 1632 1384 et
1656 1332 2007 1401 approbantur
2030 1350 2061 1385 a
2082 1333 2180 1385 Pa-

644 1419 825 1475 tribus,

712 1507 1077 1561 Discutiuntur
1101 1507 1368 1561 sententiae
1387 1507 1741 1578 theologorum
1766 1509 1927 1562 circa:

715 1595 1067 1649 1.—-AEtatem
1113 1602 1165 1648 et
1211 1596 1642 1663 qualificationem
1696 1596 2004 1651 famularum
2059 1614 2187 1666 quas

642 1684 929 1755 presbyteri
945 1684 1001 1736 in
1023 1684 1130 1737 suis
1149 1685 1385 1737 domibus
1406 1685 1598 1738 habere
1620 1692 1834 1754 possunt
1853 1706 1868 1749 3

714 1774 1061 1828 2.--Gantum
1086 1779 1139 1826 et
1160 1773 1409 1826 musicam
1432 1773 1484 1825 in
1511 1774 1767 1827 Ecclesiis.

714 1863 969 1917 Statuitur
1000 1864 1207 1915 decreta
1240 1862 1297 1913 in
1334 1870 1553 1930 utraque
1591 1862 1808 1915 materia
1849 1879 1880 1914 a
1914 1878 2188 1932 congrega-

644 1952 786 2007 tione
804 1952 864 2004 de
888 1952 1090 2004 decretis
1112 1950 1402 2020 praeparari.

716 2042 1018 2101 Quadrante
1041 2046 1160 2093 ante
1183 2039 1452 2092 meridiem
1476 2038 1744 2091 discedunt
1766 2037 1960 2091 Patres.

975 2164 1238 2218 Undecima
1269 2164 1585 2232 commmatio
1614 2161 1874 2231 generalia

717 2290 875 2343 Anno
933 2288 1205 2341 millesimo
1283 2286 1704 2356 octingentesimo
1764 2285 2190 2355 quinquagesimo

643 2379 829 2450 primm
867 2377 995 2431 feria
1030 2377 1198 2439 tertia,
1230 2376 1315 2428 die
1342 2376 1590 2444 vigesima
1622 2380 1767 2427 sexta
1785 2374 2028 2443 Augusti,
2065 2374 2192 2426 hora

646 2468 801 2526 tertia
818 2473 936 2536 post
956 2466 1240 2527 meridiem,
1265 2465 1574 2518 conveniunt
1614 2464 1795 2517 Patres
1814 2463 1870 2515 in
1891 2463 2003 2515 loco
2027 2462 2191 2524 solit0‚

649 2574 768 2613 cum
791 2556 1046 2610 officiariis
1070 2562 1123 2608 et
1140 2554 1394 2624 theologis
1415 2552 1647 2608 Concilii.

720 2646 807 2700 Fit
826 2645 1008 2699 relatio
1030 2643 1367 2713 praecedentis
1383 2641 1795 2712 congregationis
1819 2639 2085 2709 generalis.

720 2736 939 2805 Legitur
962 2742 1013 2787 et
1034 2733 1308 2786 discutitur
1347 2732 1564 2800 septima
1582 2730 1763 2783 relatio
1784 2726 2193 2798 congregationis

648 2824 710 2879 de
730 2824 996 2894 disciplina
1015 2824 1151 2876 circa
1170 2822 1448 2874 Societates
1471 2825 1702 2873 secretas.

723 2913 1013 2967 Discutitur
1036 2912 1187 2965 etiam
1230 2916 1375 2964 sexta
1393 2909 1572 2963 relatio
1597 2908 1823 2978 ejusdem
1844 2905 2196 2975 congregatio-

651 3003 734 3058 nis
755 3003 811 3056 in
834 3001 1147 3073 praecedenti
1167 2999 1562 3070 congregatione
1584 2998 1716 3050 lecta
1736 2995 1871 3049 circa
1885 2994 2194 3057 saltationeS,
