2600 3520
485 293 554 348 88
718 310 1007 348 cononum
1031 311 1368 352 QUEBEOEMR
1389 312 1737 349 Pnovmcnms
1763 313 1799 350 1.

483 446 701 479 :uncta
732 447 834 480 nn.
873 448 1099 482 Pitanen
1129 448 1262 480 CONG·
1291 449 1350 480 D!
1380 450 1421 480 Ρ.
1450 450 1492 481 P·
1521 448 1581 480 DE
1618 447 1868 482 :nomon
1903 450 2031 484 2918-

1134 540 1367 573 cormunt.

481 620 665 675 Intus.
691 638 756 675 m·
775 622 938 675 ans.
964 622 1200 683 Douma,

552 746 718 799 Juxta
741 746 985 814 Eporum.
1011 749 1132 797 vota
1165 742 1364 796 Illmus.
1404 743 1467 796 D.
1497 742 1688 797 Noster
1724 746 1909 800 annuit
1932 765 2027 816 pro

482 834 739 888 erectione
772 834 992 885 duarum
1015 831 1322 884 Eccliarum.
1349 832 1604 900 Epalium.
1643 833 1693 885 S.
1735 833 2029 903 Hyacinthi

478 923 666 991 nempe
690 928 743 974 et
776 921 1125 983 Trifluvianae‚
1150 937 1370 988 quarum
1394 920 1575 988 primae
1609 919 1712 974 fuit
1734 923 2025 991 propositus

478 1011 544 1064 R.
566 1010 627 1064 P.
654 1010 719 1063 D.
742 1010 778 1063 J
780 1027 972 1063 oannes
1009 1009 1223 1062 Carolus
1244 1009 1447 1072 Prinoe,
1470 1015 1621 1062 antea
1650 997 1809 1079 Epus.
1831 1011 2028 1083 Marty-

479 1098 821 1168 ropolitanus,
856 1098 1006 1152 alteri
1027 1115 1150 1151 vero
1187 1097 1412 1150 Thomas
1445 1096 1620 1150 Cooke
1650 1099 1714 1150 ab
1756 1099 2025 1170 Episcopis

478 1188 880 1243 commendatus.
953 1186 1144 1240 Literae
1186 1185 1402 1254 Aplioae.
1447 1192 1559 1238 tum
1603 1203 1696 1254 pro
1718 1187 2025 1243 Eccliarum.

479 1277 754 1339 erectione,
790 1282 903 1329 tum
938 1275 1072 1329 circa
1095 1276 1340 1343 Eporum.
1381 1273 1681 1327 electionem
1705 1276 2025 1343 praelaudato

477 1366 607 1435 Epo.
629 1365 833 1419 traditae
857 1370 992 1426 sunt,
1019 1362 1450 1431 quemadmodum
1472 1368 1525 1415 et
1546 1361 1816 1417 facultates
1838 1364 2029 1420 formu-

477 1453 548 1510 1ae
572 1453 707 1523 typis
743 1454 1020 1522 impressae.
1095 1450 1162 1504 In
1190 1451 1485 1504 memoratis
1517 1451 1704 1504 litteris
1738 1452 1875 1506 circa
1898 1454 2029 1509 elec-

478 1542 674 1597 tionem
699 1559 950 1595 novarum
974 1540 1292 1594 Dioecesium
1318 1540 1506 1593 limites
1527 1540 1891 1609 praefiniuntur
1905 1544 2028 1614 jux-

477 1627 533 1685 ta
552 1630 815 1684 districtus
837 1630 894 1682 in
913 1636 1081 1684 vestro
1102 1629 1322 1698 supplici
1340 1629 1517 1681 libello
1538 1631 1819 1684 adnotatos.

551 1719 608 1772 Si
626 1737 747 1773 vero
764 1719 952 1773 deinde
970 1718 1247 1771 necessitas
1262 1725 1474 1770 occurat
1488 1718 1826 1772 diversimode
1838 1720 2030 1776 limites

480 1808 688 1862 eosdem
703 1807 999 1869 definiendi,
1024 1825 1085 1859 ea
1099 1808 1163 1859 de
1182 1824 1239 1859 re
1255 1808 1490 1859 accurate
1516 1806 1565 1859 S.
1584 1807 1824 1877 CongtiO.
1839 1810 2029 1864 certior

480 1898 582 1951 erit
600 1898 863 1950 reddenda
878 1903 938 1950 ut
953 1897 1244 1966 opportune
1265 1895 1606 1965 provideatur.

548 1984 695 2038 Huic
741 1987 951 2038 demum
998 1984 1230 2053 epistolae
1290 1985 1356 2036 A.
1406 1984 1521 2036 Tua
1562 1984 1761 2054 adjecta
1802 1987 2026 2055 reperiet

477 2074 668 2128 Brevia
704 2073 1005 2143 Apostolica
1046 2073 1235 2140 quibus
1265 2073 1329 2125 R.
1353 2073 1418 2125 D.
1440 2074 1477 2125 J
1478 2073 1698 2142 osephus
1735 2073 2030 2143 LaRocque

477 2164 545 2217 ad
567 2163 809 2233 Epatum.
835 2162 988 2216 titulo
1007 2162 1063 2214 in
1088 2161 1321 2230 partibus
1340 2161 1626 2215 infidelium
1648 2165 2028 2232 promovendus

477 2252 774 2306 decernitur
798 2257 866 2314 et,
905 2252 1018 2304 loco
1041 2251 1106 2303 R.
1148 2251 1207 2303 P.
1253 2251 1321 2304 D.
1352 2251 1387 2302 J
1389 2250 1568 2303 oannis
1607 2251 1780 2304 Caroli
1822 2253 2030 2318 Princo,

477 2340 762 2411 coadjutor
820 2358 938 2393 cum
960 2339 1138 2393 futura
1160 2339 1478 2392 successione
1506 2340 1632 2408 Epo.
1659 2340 2029 2411 Marianopoli-

475 2434 601 2484 tano
639 2429 955 2499 adsignatur.
1027 2428 1220 2481 Precor
1255 2429 1424 2480 Deum
1465 2434 1526 2481 ut
1548 2429 1623 2481 Te
1669 2430 1760 2482 diu
1783 2430 2028 2499 sospitem

472 2516 892 2586 incolumemque
911 2523 1092 2571 servet.

549 2623 734 2676 Romae
774 2642 842 2676 ex
861 2624 954 2677 aed.
976 2623 1025 2677 S.
1049 2623 1107 2676 C.
1134 2623 1198 2675 de
1218 2622 1381 2675 Pnda·
1402 2623 1532 2676 Fide
1554 2623 1638 2676 die
1663 2624 1695 2676 8
1714 2624 1750 2676 J
1753 2623 1847 2677 ulii
1874 2624 2027 2679 1852.

474 2712 652 2783 Ampl.
679 2713 823 2768 Tuae.

1004 2819 1091 2872 Ad
1116 2818 1282 2871 officia
1305 2818 1671 2887 paratissimus,

1107 2923 1155 2974 J.
1173 2924 1267 2972 ΡΗ.
1292 2923 1446 2972 Qun.
1469 2924 1737 2983 FRANzom,
1753 2925 1903 2984 Proef.

1316 3020 1402 3068 AL.
1422 3020 1675 3080 Bmmno,
1689 3036 1720 3068 a
1744 3021 1962 3069 secretis.
