2576 3520
1210 342 1562 378 rnovmcum
1586 343 1622 380 1.
2114 328 2179 385 81

650 481 863 516 aurun
878 466 946 514 'm
960 480 1139 518 suom
1157 480 1273 515 mne
1304 481 1594 515 nnnnnuuu
1615 475 1943 516 macenonuu
1970 482 2189 519 aaaron·

881 559 979 592 run
999 559 1237 593 nuscum
1257 560 1322 593 An
1343 559 1514 597 nomm
1533 559 1974 595 suumn-rmum.

719 640 853 694 Cum
889 642 1118 694 redditus
1155 642 1220 694 ad
1243 641 1601 695 sustentandos
1628 641 1910 711 Episcopos
1947 643 2004 694 in
2026 642 2188 698 Cana-

649 730 795 783 densi
836 730 1121 792 Provincia,
1182 730 1433 798 praecipue
1493 731 1551 782 in
1607 730 2036 794 neodioecesibus‚
2088 731 2192 786 sint

649 818 824 888 exigui
843 824 896 871 et
918 818 1256 871 communiter
1299 836 1365 871 ex
1382 818 1612 871 fidelium
1636 819 1826 888 pietate
1871 819 2192 890 proveniant,

651 907 943 975 Deputatus
967 907 1032 959 ad
1075 906 1426 975 Apostolicam
1449 906 1652 970 Sedem,
1676 907 1726 959 J.
1752 907 1806 962 C.
1826 907 2029 971 Prince,
2047 908 2195 977 Epis-

651 1012 809 1064 copus
835 993 1328 1063 Martyropolitanus
1370 1001 1422 1047 et
1460 993 1740 1065 Coadjutor
1776 996 2194 1065 Marianopolita-

648 1085 839 1145 nensiS,
891 1083 958 1135 ad
1004 1082 1162 1151 pedes
1220 1082 1339 1136 Suae
1375 1081 1670 1135 sanctitatis
1716 1083 2028 1150 provolutuS,
2078 1101 2194 1139 eam

649 1171 921 1225 humiliter
954 1171 1258 1239 deprecatur
1291 1176 1353 1224 ut
1395 1169 1693 1224 facultatem
1739 1177 2054 1239 sequentem,
2081 1174 2195 1244 jam

653 1260 915 1328 aliquibus
938 1259 1223 1328 Episcopis,
1247 1259 1429 1312 tamin
1448 1259 1707 1311 Hibernia
1732 1276 1887 1326 quam
1910 1259 1967 1312 in
1987 1259 2194 1314 Canada

655 1364 965 1411 concessam,
1001 1347 1226 1416 benigne
1248 1352 1301 1399 et
1327 1346 1382 1398 in
1401 1353 1708 1415 perpetuum
1731 1346 1995 1415 impertire
2017 1348 2194 1418 digne-

660 1443 787 1491 tur..

726 1525 928 1592 Cuique
945 1524 1197 1592 Episcopo
1218 1522 1415 1575 titulari
1434 1528 1487 1575 et
1510 1522 1761 1591 Episcopo
1781 1523 1936 1593 Coadj
1944 1525 2078 1576 utori
2095 1540 2190 1593 pro

655 1619 885 1681 tempore
909 1612 1167 1675 existenti,
1189 1611 1342 1663 liceat
1377 1611 1604 1679 accipere
1630 1611 1835 1664 tertiam
1858 1617 2057 1679 part-em
2079 1629 2194 1680 pro-

658 1707 907 1755 ventuum
942 1700 1096 1752 unius
1118 1699 1367 1768 paroeciae,
1404 1705 1495 1752 aut
1528 1700 1745 1752 duarum
1768 1699 2104 1768 paroeciarum
2136 1700 2194 1753 in

658 1790 916 1851 Dioecesi;
955 1789 1037 1841 vel
1079 1795 1313 1856 quartam
1349 1794 1438 1840 aut
1473 1787 1706 1855 quintam
1741 1793 1956 1855 partem,
1992 1788 2035 1840 si
2053 1789 2191 1841 inter

658 1884 762 1931 tres
793 1883 881 1930 aut
906 1883 1131 1945 quatuor
1167 1876 1410 1944 paroecias
1433 1895 1447 1937 3
1495 1876 1592 1938 vel,
1636 1877 1679 1928 si
1702 1876 1886 1928 melius
1920 1876 2194 1938 videbitur,

662 1972 831 2019 sumat
867 1966 1151 2034 Episcopus
1175 1965 1422 2017 decimam
1446 1970 1648 2017 tantum
1666 1970 1865 2033 partem
1888 1964 2196 2026 reddituum,

660 2056 703 2108 si
732 2056 868 2108 inter
890 2055 1062 2123 plures
1101 2060 1154 2106 et
1176 2052 1281 2106 fere
1319 2070 1494 2105 omnes
1518 2052 1766 2121 paroecias
1789 2051 2047 2105 dividatur
2069 2067 2198 2104 onus

662 2143 981 2226 sustentandi
1007 2143 1318 2211 Episcopum
1340 2148 1428 2194 aut
1448 2141 1725 2209 Episcopus
1747 2161 1761 2202 3
1799 2140 1978 2193 habita
2001 2156 2202 2209 semper

663 2232 1159 2286 circumstantiarum
1180 2230 1391 2291 ratione,
1417 2236 1469 2282 et
1487 2229 1568 2281 his
1586 2228 1823 2297 paroeciis
1838 2229 2044 2281 aliunde
2069 2227 2204 2281 suffi-

665 2322 857 2375 cienter
875 2319 1089 2388 provisis
1109 2336 1204 2370 cuv·
1240 2318 1437 2369 idoneis
1461 2317 1761 2384 pastoribus.

735 2411 913 2463 Romae
937 2409 1019 2460 die
1050 2409 1126 2461 [ὃ.
1165 2406 1344 2459 'Martii
1374 2406 1520 2458 1852.

871 2493 912 2535 4
935 2496 979 2545 J.
1015 2495 1069 2543 C.
1106 2494 1193 2543 ΕΡ.
1226 2494 1515 2541 MARTYROP.
1552 2491 1722 2540 coins.
1748 2491 2024 2539 Mnmfflor.

1327 2572 1491 2632 Deput.
1521 2574 1647 2619 Prov.
1674 2573 1802 2618 Eccl.
1831 2571 2132 2620 Quebecemie.

1358 2659 1438 2668 m..
1466 2658 1526 2667 ..n-

951 2706 1214 2740 DECRETUM
1246 2707 1281 2739 fl·
1302 2703 1715 2737 GONGREGAssoms
1736 2703 1798 2736 DE
1824 2702 1864 2734 P.
1889 2701 1928 2733 F.

672 2774 807 2827 ΒΜΕ.
849 2772 1048 2834 PATER,

736 2861 790 2914 J.
814 2861 871 2916 G.
898 2862 1054 2930 Epus.
1076 2858 1570 2928 Martyropolitanus
1591 2856 1867 2926 Coadjutor
1889 2852 2214 2921 Marianopo-

668 2949 950 3014 litanensis,
974 2952 1264 3019 Deputatus
1280 2945 1569 3001 Provinciae
1585 2942 1947 3005 Qua-benensis,
1976 2939 2214 3010 exposuit

669 3047 729 3095 ut
763 3040 912 3094 infra.
984 3040 1088 3093 Per
1102 3039 1374 3093 Indultum
1395 3039 1424 3091 ὲ
1444 3035 1614 3090 SSmo.
1633 3037 1767 3089 Dno.
1784 3032 2040 3105 Gregorio
2069 3032 2215 3103 Papa

1432 3125 1463 3160 ι·
